3467 5492
832 563 1070 666 -84-'

381 721 459 806 rem'
470 730 614 806 solidam
631 751 719 846 esse,
737 751 808 804 non
821 731 908 821 visu,
921 732 980 805 sed
993 743 1109 806 mente
1123 731 1347 807 aestimamus.
1363 729 1459 818 Quod

378 871 471 948 idem
492 871 531 944 fit
551 871 586 944 iu
603 870 687 962 sole,
705 870 806 968 eujus
821 870 1098 967 magnitudinem
1115 883 1149 948 et
1166 871 1362 947 distantiam
1377 895 1457 946 cou-

372 1011 557 1109 jectamus,
573 1011 679 1108 inque
692 1010 780 1108 ripa,
795 1033 900 1107 quam
913 1011 1045 1086 moveri
1060 1033 1078 1085 e
1093 1011 1167 1086 navi
1183 1008 1365 1111 perperam
1379 1012 1457 1110 opi-

378 1173 527 1225 namur:
548 1161 587 1223 ut
608 1149 723 1223 nultus
741 1147 785 1222 sit
804 1171 924 1230 seusus
945 1149 1052 1225 salsus
1068 1149 1201 1243 dictus,
1225 1151 1283 1225 eui
1304 1151 1353 1226 vis
1374 1151 1459 1225 ima·

378 1290 536 1387 ginatirae
547 1289 786 1364 intellectusve
800 1296 915 1387 partes
931 1310 1001 1362 nou
1016 1289 1225 1383 tribuantur;
1242 1314 1323 1366 uam
1337 1313 1460 1388 parum

381 1441 433 1507 est
451 1432 544 1529 quod
562 1453 682 1504 seusus
701 1429 874 1519 nuntiant,
898 1450 1011 1525 neque
1031 1426 1065 1502 id
1086 1441 1202 1505 tamen
1223 1430 1343 1505 fretum
1364 1455 1372 1503 :
1394 1428 1461 1504 uisi

379 1597 460 1647 eum
472 1571 530 1670 qui
544 1573 638 1646 nullu
652 1572 752 1646 modo
766 1570 911 1669 judicat,
929 1594 1032 1669 prave
1049 1572 1207 1670 judicare
1221 1595 1321 1671 pesse
1333 1582 1448 1671 putee.

425 1711 482 1786 Sia
503 1722 620 1786 autem
639 1712 681 1786 ab
698 1711 884 1787 Aristotele
906 1723 1046 1789 auctam
1065 1713 1173 1788 fuisse
1188 1711 1258 1785 vim
1278 1732 1459 1793 sensuum,

380 1853 558 1949 multoque
577 1853 707 1951 majora
737 1853 880 1951 insuper
909 1853 1110 1929 eorumdem
1143 1852 1332 1952 provinciae
1350 1847 1462 1927 addita

381 1990 485 2065 fuisse
503 1991 799 2089 praetermodum,
820 2013 924 2065 nemo
944 1991 1009 2066 erit
1029 1991 1088 2090 qui
1113 1995 1269 2084 miretur,
1288 1993 1345 2089 qui
1373 1992 1461 2067 bene

383 2130 515 2205 noverit
534 2130 569 2202 iu
584 2129 710 2228 quihus
724 2128 891 2205 institutis
907 2107 986 2204 'haec
1000 2140 1065 2204 tota
1086 2130 1171 2205 ratio
1192 2131 1335 2206 nitatur.

429 2268 504 2341 Hoc
527 2266 694 2341 nimirum
722 2267 786 2342 suit
811 2266 1037 2342 Aristotelicae
1058 2268 1223 2343 doctriuae
1253 2279 1381 2366 caput,
1411 2269 1460 2343 uti

381 2404 583 2480 hominibus
601 2404 829 2496 intellectum,
853 2405 898 2479 ita
918 2377 1042 2483 ceteris
1064 2408 1301 2483 animantibus
1318 2429 1458 2482 sensum

378 2567 452 2620 esse
467 2543 661 2642 proprium.
682 2543 749 2618 Sed
767 2551 852 2623 tnui
873 2568 994 2621 seusus
1010 2544 1112 2637 inest,
1142 2544 1172 2620 ei
1185 2546 1340 2643 voluptas
1355 2545 1469 2625 etiam.

381 2693 414 2758 et
443 2681 539 2755 dolor
560 2681 663 2772 inest;
695 2681 885 2781 itidemque
902 2683 1098 2780 jucundum
1120 2693 1225 2781 atque
1252 2685 1458 2768 molestum3

379 2821 503 2920 quibus
516 2831 632 2896 autem
649 2818 865 2912 haeu'iusuut,
885 2846 922 2896 ea
937 2822 1163 2921 cupiditatem
1181 2821 1286 2897 etiam
1303 2822 1456 2896 hahent:

381 2961 457 3036 haec
477 2971 530 3034 est
545 2958 637 3033 enim
648 2959 796 3056 junuudi
820 2959 998 3058 appetitio.
1016 2958 1180 3034 Alimenti
1197 2972 1364 3058 praeterea
1383 2983 1461 3034 sen-

376 3121 454 3174 sum
473 3098 617 3191 hahent3
637 3107 745 3171 taetus
759 3097 853 3170 euim
867 3120 988 3171 seusus
1003 3107 1055 3170 est
1075 3096 1288 3171 alimenti⁴.»
1304 3096 1458 3170 Necesse

381 3239 485 3336 igitur
498 3248 582 3328 erat,
599 3237 748 3333 reliquus
762 3236 970 3325 animantes,
993 3236 1089 3310 omui
1102 3236 1167 3312 alia
1182 3258 1247 3334 ope
1260 3237 1456 3326 destitutus,

380 3405 399 3456 e
421 3380 580 3455 sensibus
597 3378 712 3452 omnia
737 3389 871 3477 petere,
889 3375 1016 3475 quibus
1034 3400 1123 3475 opus
1144 3387 1194 3452 est
1222 3376 1264 3451 ad
1290 3377 1461 3451 tuendum

381 3542 507 3619 corpus
522 3517 609 3591 etad
622 3516 784 3630 eripienda
801 3516 878 3590 vitae
892 3514 1079 3606 desideria3
1097 3513 1276 3588 homiuem
1293 3538 1386 3605 vero,
1404 3539 1460 3591 res

379 3661 519 3759 quidem
541 3657 751 3732 necessarias
773 3667 806 3730 et
831 3655 1040 3730 universales
1061 3655 1248 3744 intellectu,
1264 3678 1319 3729 res
1341 3667 1462 3730 autem

379 3795 536 3872 fortuitas
557 3805 590 3868 et
617 3794 807 3891 singulares
828 3794 902 3867 solo
930 3815 1094 3867 sensuum
1121 3816 1187 3867 usu
1215 3792 1461 3868 discernere².

378 3937 416 4011 Id
434 3957 515 4009 vero
531 3933 605 4010 fieri
624 3932 757 4031 nequit,
778 3930 845 4008 nisi
859 3931 917 4026 qui
934 3931 1049 4022 sentit,
1063 3931 1141 4005 ideo
1157 3933 1248 4029 quud
1264 3933 1383 4024 sentit,
1406 3933 1459 4007 sui

422 4171 431 4205 ¹
456 4174 515 4247 nupt
529 4169 611 4244 tux..
628 4159 651 4221 l.
663 4161 702 4234 11,
718 4178 745 4220 n.
762 4177 809 4234 111,
824 4158 843 4240 g
856 4157 888 4231 2,
902 4158 933 4218 5.

423 4278 434 4310 ²
457 4282 518 4356 nupt
531 4279 659 4339 uenatus,
675 4267 696 4330 l.
711 4267 735 4340 1,
747 4283 774 4326 c.
788 4284 809 4328 r.
823 4300 860 4311 —
871 4274 932 4349 Περὶ
948 4270 1030 4347 tex„
1045 4261 1067 4324 Ι.
1082 4264 1169 4342 ttt,n.
1183 4264 1363 4342 rn-ttiat,
1375 4264 1396 4340 1,
1410 4265 1462 4344 111,

384 4398 412 4448 θ’
426 4396 493 4448 tut·
