3467 5492
744 523 949 590 -tor-

303 705 504 786 mouentum
524 693 676 791 dumque
707 677 867 793 perhibet
899 693 934 767 id
961 690 1171 791 principium
1203 715 1381 767 summum

304 836 436 911 bonum
454 835 496 908 ad
518 835 609 930 quod
630 833 786 909 universa
808 843 985 932 spectant,
1006 832 1096 908 idem
1115 831 1207 908 addit
1224 855 1298 906 esse
1324 831 1381 904 in-

304 965 483 1071 telligibile
502 997 638 1070 unaque
660 973 860 1071 intelligens
875 999 913 1065 ,c
928 984 960 1050 τὸ
971 979 1043 1051 alal
1058 983 1119 1050 ἐστι
1133 984 1167 1068 al
1182 990 1261 1049 νοοῦν
1277 985 1327 1047 καὶ
1352 983 1384 1048 τὸ

305 1118 522 1214 νοούμενον,
545 1108 656 1211 neque
671 1113 707 1187 in
726 1136 766 1188 eo
793 1113 957 1210 distingui
976 1113 1011 1188 id
1028 1114 1119 1211 quod
1138 1113 1263 1212 cogitat
1281 1114 1324 1189 ab
1345 1136 1384 1188 eo

308 1255 400 1352 quod
422 1254 611 1352 cogitatur,
627 1262 714 1350 «οὐχ
730 1261 827 1355 ἑτέρον
850 1254 899 1329 οὖν
921 1269 998 1339 ὄντος
1027 1268 1078 1332 τοῦ
1102 1262 1251 1353 νοουμένου
1272 1267 1387 1331 καὶτοῦ

308 1407 369 1484 νοῦ,
385 1399 439 1470 ὅσα
455 1406 495 1492 μὴ
508 1397 578 1475 {alno
600 1408 673 1490 ἔχει,
703 1403 735 1470 τὸ
752 1401 822 1469 αὐτὸ
840 1407 933 1487 ἔσται,
959 1405 1007 1469 καὶ
1027 1406 1045 1474 ἡ
1070 1399 1162 1478 νόησις
1186 1397 1229 1492 τῷ
1249 1401 1412 1496 νοουμένῳκ

310 1535 384 1632 pta²
399 1560 432 1605 ν.
447 1531 514 1606 Sed
535 1531 602 1606 hoc
627 1553 737 1606 unum
765 1515 815 1606 sic
834 1531 955 1606 fictum
973 1531 1096 1606 lrustra
1116 1530 1268 1629 propriis
1299 1529 1387 1604 insi-

312 1671 438 1769 gnibus
451 1680 552 1766 auget
567 1679 600 1744 et
619 1668 785 1767 praedicat
801 1682 923 1745 natura
944 1670 1152 1767 perlectum,
1172 1680 1301 1744 aeterna
1320 1668 1389 1744 vita

312 1811 448 1906 fruens,
464 1809 507 1884 ab
524 1807 619 1881 omni
630 1818 727 1905 parte
740 1807 905 1900 beatum,
921 1819 1046 1908 τφοομὲν
1058 1815 1088 1884 δὲ
1101 1819 1147 1886 τὸν
1162 1820 1222 1885 θεὸν
1233 1815 1303 1884 εἶναι
1320 1825 1393 1909 ζῷον

314 1953 402 2030 ἀίδιον
415 1969 545 2052 ἄριστον,
563 1959 637 2028 ὥστε
649 1966 708 2040 ζωὴ
734 1966 782 2028 καὶ
804 1965 875 2028 αἰὼν
893 1965 1017 2049 συνεχὴς
1036 1958 1185 2037 midioen
1202 1958 1330 2051 ῦποέρχεν
1354 1971 1395 2050 τῷ

315 2102 369 2191 θεῷ
385 2128 392 2144 ·
409 2103 491 2167 τοῦτο
510 2101 567 2188 γὰρ
584 2101 598 2165 ὁ
615 2091 730 2174 6253».
751 2089 835 2165 Haec
868 2089 984 2164 omnia
1002 2090 1045 2164 de
1069 2082 1178 2164 nihilo
1210 2089 1279 2165 dici
1307 2088 1394 2163 mihi

327 2230 507 2312 videntur:
531 2229 598 2304 hoo
628 2228 722 2304 enim
746 2251 852 2303 unum
876 2228 962 2301 nihil
987 2238 1057 2321 est;
1077 2251 1190 2325 neque
1207 2252 1323 2304 veram
1342 2228 1398 2303 dei

319 2366 563 2464 cogitationem
578 2366 730 2464 reperire
746 2377 798 2442 est
813 2365 848 2439 in
867 2365 924 2440 illa
942 2365 1159 2463 cogitationis
1177 2337 1402 2462 cogitatione,

324 2521 373 2589 (τὴ
398 2513 490 2592 νὸησις
511 2519 631 2593 νοήσεως
655 2509 815 2600 νῦνοιςΙν,
846 2530 923 2604 quae
943 2530 1004 2604 per
1024 2530 1060 2581 Se
1079 2528 1149 2590 noll
1169 2505 1311 2598 exsistit,
1339 2507 1401 2581 Sed

321 2647 435 2721 solum
456 2645 492 2719 in
514 2669 554 2720 eo
570 2656 622 2721 est
643 2645 701 2745 qui
715 2645 827 2745 reipsa
844 2644 976 2722 exsistit
989 2655 1023 2719 et
1036 2643 1280 2743 cogitationem
1296 2644 1401 2720 habet

323 2773 421 2885 cujus
434 2767 509 2885 ipse
522 2787 587 2863 sibi
604 2787 762 2863 conscius
784 2799 848 2867 est.

287 2985 290 2994 .
371 2926 416 3000 ΑΙ
433 2925 462 3000 si
482 2924 686 3002 Aristoteles
702 2927 838 3024 longea
859 2926 1013 3002 veritatis
1041 2926 1093 3002 via
1113 2938 1265 3025 vagatur
1279 2928 1402 3025 vixque

325 3066 541 3164 intelligitur,
559 3092 667 3164 quum
680 3068 730 3145 sic
751 3093 873 3144 vanam
894 3069 1151 3169 simplicitatem
1165 3068 1272 3143 nimia
1288 3067 1405 3143 subri-

327 3202 421 3279 litate
439 3205 671 3302 persequitur,
694 3207 731 3282 id
751 3209 874 3284 saltem
895 3220 1028 3284 constat
1048 3209 1139 3305 quod
1157 3208 1305 3283 maxime
1319 3230 1406 3282 con·

327 3341 541 3417 firmandum
566 3343 651 3420 mihi
671 3346 922 3445 proponebam,
954 3350 1131 3422 neminem
1154 3347 1367 3430 intellectum
1388 3369 1408 3420 a

331 3467 434 3557 sensu
455 3482 580 3558 melius
601 3483 813 3561 distinxisse.
826 3485 977 3562 Sensum
992 3486 1133 3583 quidem
1146 3497 1179 3562 et
1193 3487 1406 3563 intellectum

374 3727 383 3762 ¹
406 3731 466 3804 ssepi
480 3727 561 3804 ψυχο,
577 3723 599 3786 Ι.
615 3724 667 3801 ΙΙΙ,
680 3745 707 3788 c.
723 3744 763 3802 lv,
777 3725 796 3806 8
809 3729 858 3789 12.

374 3835 385 3870 ²
407 3841 536 3914 Toupaenoi
548 3843 581 3894 τὰ
593 3860 667 3915 pom,
684 3832 706 3897 l.
721 3834 776 3912 ΙΙΙ,
793 3853 820 3897 0.
832 3853 883 3910 1x,
898 3835 917 3916 S
933 3833 1107 3909 ΙΙ.-Ιῦὶά.,
1122 3855 1149 3898 o.
1164 3851 1217 3911 vll,
1234 3835 1316 3916 §os
1330 3840 1411 3897 Αὑτὸν

334 3944 361 4002 δὲ
371 3955 421 4005 νοεῖ
433 3947 445 4004 ὁ
459 3955 514 4012 νοῦς
532 3954 599 4008 κατὰ
607 3951 746 4028 μετάληψιν
766 3958 811 4009 τοῦ
823 3957 914 4015 νοητοῦ
926 3973 934 3989 ·
946 3955 1032 4016 νοητὸς
1049 3955 1098 4029 γὰρ
1109 3954 1223 4028 γίγνεται
1238 3953 1362 4029 θιγγάνων
1372 3954 1415 4007 καὶ

336 4066 409 4123 νοῶν,
421 4060 488 4116 ὥστε
500 4063 593 4118 ταύτὸν
603 4069 658 4129 νοῦς
668 4067 711 4122 καὶ
726 4064 832 4127 νοητόν)

377 4163 389 4196 ⁵
411 4175 466 4225 Τῶν
479 4173 544 4246 μετὰ
557 4173 592 4227 τοὶ
606 4193 681 4247 pom,
699 4165 720 4228 Ι.
735 4166 782 4245 Xl,
797 4187 824 4230 ο.
838 4165 920 4249 v11,§
935 4167 966 4229 8.

379 4271 390 4307 ⁴
411 4270 500 4350 loto„
514 4292 541 4336 ο.
559 4293 604 4354 ix,
621 4274 640 4358 S
656 4277 686 4338 5.
