3467 5492
846 494 1021 561 ..94-

398 674 512 764 docet,
530 669 606 745 sine
625 690 730 742 sensu
743 663 829 739 nihil
846 664 1033 740 admodum
1049 666 1192 765 intelligi
1212 689 1322 765 posse,
1343 666 1414 740 imo
1432 689 1473 741 ex

398 836 501 888 sensu
522 809 603 886 oriri
620 806 773 884 scientiae
786 806 955 905 principia
970 810 995 880 ¹.

443 951 527 1024 Haec
558 959 797 1023 verumtamen
818 948 911 1022 inter
932 971 968 1022 se
995 947 1121 1040 verbis,
1158 946 1398 1047 potiusquam
1437 971 1474 1022 re

395 1091 613 1186 discrepant,
644 1086 785 1186 quique,
817 1108 928 1184 usque
949 1110 967 1160 a
990 1086 1170 1186 principiis
1203 1099 1374 1185 repetens,
1398 1110 1473 1161 rem

394 1227 607 1328 propositam
634 1225 774 1322 penitus
805 1223 1001 1323 perspiciet,
1034 1224 1256 1300 Aristotelem
1290 1212 1474 1301 obscurius

395 1367 529 1457 dixisse,
553 1376 588 1440 at
606 1367 725 1440 saltem
744 1363 807 1438 sibi
827 1352 1024 1438 constitisse
1038 1363 1217 1462 judicabit.
1422 1453 1426 1461 Ι

444 1505 559 1592 Quum
574 1514 686 1579 autem
706 1502 884 1578 scientiam
901 1524 1042 1576 omnam
1059 1488 1282 1600 scientiaeque
1301 1503 1474 1601 principia

396 1643 545 1742 pendere
569 1642 612 1717 ab
634 1641 816 1717 universali
835 1639 959 1715 Noster
971 1640 1065 1732 velit,
1091 1652 1126 1715 ut
1144 1665 1247 1739 supra
1262 1643 1473 1728 dictumest,

396 1783 461 1856 hoc
479 1803 586 1856 unum
602 1779 674 1878 jam
697 1780 841 1855 venitin
860 1779 1062 1870 discrimen,
1085 1790 1201 1855 utrum
1218 1781 1261 1856 ab
1280 1781 1474 1871 intellectu,

395 1942 438 1994 an
460 1942 477 1994 a
508 1919 580 1994 solo
609 1942 714 1993 sensu
738 1918 853 2015 ipsum
877 1917 1071 1993 universale
1090 1930 1228 1994 censeat
1249 1920 1412 1996 obtineri.

442 2056 675 2156 Huc'quidcm
703 2055 897 2131 universale
917 2080 1031 2154 neque
1062 2058 1098 2131 in
1123 2071 1242 2135 mente
1275 2059 1419 2135 insitum
1443 2075 1479 2138 et

395 2197 633 2294 consignatum
648 2219 667 2270 a
681 2195 801 2290 pueris
814 2195 1005 2286 attulimus
1015 2196 1112 2293 quasi
1125 2197 1274 2289 animus,
1291 2208 1476 2296 antequam

394 2338 430 2410 in
451 2358 577 2433 corpus
599 2335 752 2426 intraret,
773 2333 808 2406 in
832 2356 949 2408 rerum
969 2334 1166 2431 cognitione
1182 2336 1345 2433 viguerit3
1363 2361 1476 2434 neque

396 2470 1475 2570 agnoscimusreminiscendo,tanquamnihilaliudsitdiscere,

396 2610 464 2684 nisi
488 2610 687 2698 recordari;
717 2619 819 2706 atque
838 2607 884 2681 ita
904 2608 1062 2682 Platonis
1091 2609 1227 2718 somnia
1248 2610 1361 2705 rejicit
1377 2611 1476 2686 Aris·

395 2751 530 2826 toteles.
611 2727 613 2732 ⁵

445 2891 519 2964 Nec
532 2889 643 2986 magis
663 2888 767 2975 idem,
782 2887 875 2983 quod
889 2907 959 2961 uon
973 2886 1018 2961 ita
1028 2887 1254 2986 anticipatum
1266 2889 1476 2988 accepimus,

397 3029 496 3104 nobis
512 3027 592 3102 licet
608 3049 670 3125 per
698 3024 1032 3100 demonstrationem
1052 3025 1177 3101 inlerre
1188 3052 1197 3117 ;
1228 3049 1309 3100 nam
1326 3026 1399 3124 ipsa
1419 3027 1478 3102 de·

397 3167 597 3243 monstratio
624 3165 699 3240 sine
713 3164 896 3239 universali
920 3164 996 3237 lieri
1012 3163 1145 3262 nequit,
1165 3165 1317 3264 dumque
1338 3166 1479 3240 nniver-

397 3307 465 3384 sale
478 3326 730 3404 persequemur
744 3302 973 3400 argumentis
991 3314 1100 3397 usque
1113 3302 1155 3376 ad
1166 3301 1339 3378 infmitum
1355 3304 1480 3379 eodem

396 3443 626 3519 devolvemur.
913 3432 917 3439 ’
1191 3518 1195 3524 ,

445 3579 565 3678 Neque
585 3591 703 3654 tamen
721 3576 810 3653 illud
825 3578 1020 3654 universale
1041 3579 1130 3653 ultro
1152 3579 1391 3670 informamus,
1412 3581 1480 3658 nisi

394 3718 549 3815 quaedam
568 3716 657 3791 adsit
683 3716 800 3790 animo
822 3704 998 3812 antecapto
1022 3719 1196 3815 cogniti03
1231 3743 1307 3817 quae
1338 3720 1478 3818 quidem

395 3854 543 3953 cognitio
562 3875 701 3931 esensu
715 3855 821 3930 venit.

437 4166 446 4198 ¹
470 4171 529 4244 Περὶ
542 4166 624 4242 dog„
640 4160 661 4222 l.
678 4161 728 4236 ill,
741 4181 766 4222 c.
785 4180 826 4224 vr.
841 4197 879 4207 —
895 4160 983 4236 lbid„
1002 4160 1096 4238 llll,
1120 4179 1146 4222 c.
1160 4181 1267 4224 v11.-
1285 4161 1373 4238 tait,
1389 4161 1410 4224 l.
1426 4163 1477 4230 111,

398 4290 424 4332 c.
438 4290 502 4336 vtll.
515 4307 553 4317 -
568 4262 678 4334 Ᾰναλυτ.
694 4273 805 4356 datiam„
822 4269 843 4332 l.
860 4270 884 4344 l,
901 4289 927 4332 c.
941 4289 1037 4348 xvll13
1051 4268 1071 4331 l.
1088 4270 1126 4347 ll,
1140 4289 1167 4331 c.
1182 4290 1205 4334 1.
1220 4314 1224 4319 ·
