3467 5492
738 591 920 655 ...65-

284 765 407 839 attinet
421 767 462 839 ad
479 785 602 838 sensus
616 759 752 860 proprie
762 757 886 843 dictos,
901 756 1095 833 rectissime
1109 757 1360 852 intellexemnt.

283 900 354 999 Ipsi
372 901 466 976 enim
487 900 634 998 graviter
652 897 795 997 quidem
818 897 909 971 inter
922 919 959 971 se
976 895 1156 980 dissident,
1180 920 1287 993 quum
1305 884 1362 972 ille

282 1041 429 1115 totidem
446 1042 603 1139 proprias
620 1050 654 1115 et
672 1038 821 1112 diversas
842 1056 960 1110 rerum
978 1035 1169 1132 qualitates,
1184 1045 1268 1133 quot
1282 1044 1363 1110 sunt

283 1178 318 1252 in
335 1179 612 1266 animis-sensus,
629 1178 679 1251 illi
694 1199 771 1251 uero
786 1176 871 1250 nihil
889 1175 993 1250 velint
1006 1199 1081 1251 esse
1095 1174 1130 1248 in
1144 1175 1358 1274 corporibus,

282 1316 511 1414 quodeisdem
521 1316 680 1392 sensibus
692 1315 907 1416 respondeat,
917 1313 1358 1413 praeterminutissimarum

282 1453 433 1552 partium
444 1453 531 1528 situs
542 1463 577 1527 et
591 1464 706 1528 motus
718 1453 835 1550 :plane
851 1463 968 1527 tamen
979 1451 1114 1546 utrique
1122 1450 1356 1540 consentiunt,

281 1590 341 1666 uhi
357 1592 523 1689 quaeritur
536 1592 577 1667 de
591 1591 698 1691 ipsius
714 1615 836 1667 sensus
846 1601 984 1674 natura,
997 1613 1100 1688 quem
1117 1612 1187 1664 uno
1200 1612 1259 1664 ore
1272 1589 1358 1663 nihil

281 1725 1356 1830 aliudessepraedicant,nisianimum,quatenus'coloremdore,

278 1890 376 1961 sono,
396 1893 531 1968 sapore,
554 1869 664 1945 calido
692 1870 856 1968 trigidove
887 1869 1048 1953 allicitur,
1075 1891 1141 1943 nec
1171 1867 1355 1944 minimam

279 2030 341 2105 per
354 2031 391 2082 se
408 2020 483 2082 tum
496 2007 709 2106 singularum
729 2007 881 2100 materiae
894 2005 1034 2098 virium,
1053 2017 1128 2082 tum
1141 2006 1355 2081 diversarum

279 2145 469 2245 figurarum
483 2148 747 2225 similitudinem
766 2149 941 2247 praebere;
969 2146 1072 2245 idque
1089 2146 1155 2222 loci
1173 2147 1247 2246 jam
1263 2147 1355 2221 allati

278 2290 548 2387 locupletissime
563 2301 746 2366 testantur.
766 2289 894 2388 Negata
910 2302 1027 2367 autem
1041 2289 1135 2365 omni
1152 2289 1358 2366 istiusmodi

277 2424 505 2502 similitudine
517 2450 571 2504 res
584 2428 673 2503 inter
687 2441 721 2503 et
734 2450 992 2521 sensus,nemo
1006 2451 1076 2503 non
1090 2428 1357 2525 ridetquautum
1411 2533 1414 2537 ἠ

278 2583 366 2637 onus
393 2564 458 2639 sibi
489 2565 628 2640 demant
662 2577 696 2641 et
723 2589 826 2665 quarn
863 2565 999 2641 incitem
1028 2565 1172 2640 reddant
1206 2565 1355 2642 ueritatis

279 2724 446 2778 sensuum
462 2703 714 2781 defensionem.

326 2843 463 2917 Etenim
482 2843 566 2918 illud
592 2844 627 2918 in
651 2845 772 2944 primis
794 2847 940 2922 minime
966 2847 1111 2924 dubium
1132 2871 1207 2925 esse
1230 2861 1351 2948 potest,

274 2982 361 3079 quin
386 2999 509 3058 sensus
538 3007 642 3082 quem
662 2987 783 3062 dicunt
805 2988 934 3062 nudam
959 3011 1000 3063 ac
1027 2988 1222 3087 simplicem
1250 2991 1355 3066 affec·

278 3122 422 3213 tionem,
438 3133 519 3223 ψιλὸν
530 3135 635 3216 πάθος,
647 3123 676 3199 is
694 3149 831 3224 semper
846 3126 890 3200 sit
908 3126 968 3223 qui
986 3127 1085 3203 nobis
1099 3109 1273 3226 appareat.
1294 3128 1356 3222 lta,
1396 3225 1399 3228 .

277 3285 387 3359 quum
401 3262 661 3362 quisvoluptate
677 3275 735 3338 aut
747 3264 865 3339 dolore
883 3278 1050 3356 movetur,
1072 3267 1233 3343 delectari
1248 3292 1285 3343 se
1299 3282 1357 3346 aul

277 3402 358 3498 augi
379 3400 571 3476 certissime
599 3402 759 3477 affirmat.
787 3402 963 3500 Similiter,
995 3428 1102 3499 quum
1126 3407 1194 3481 albi
1223 3408 1355 3506 species

278 3541 446 3633 dulciore,
468 3553 527 3616 aut
554 3542 664 3634 odori,
683 3553 741 3616 aut
765 3542 846 3640 quid
864 3544 1009 3642 hujusce
1025 3546 1118 3620 modi
1139 3570 1281 3623 sensum
1302 3549 1319 3621 f
1337 3593 1355 3607 -

276 3679 322 3754 rit
332 3679 384 3771 ‚is
399 3684 457 3777 qui
471 3681 741 3756 commotionem
760 3681 854 3756 illam
872 3682 1057 3780 experitur,
1073 3684 1154 3775 albi,
1170 3686 1280 3763 dulcis
1296 3700 1356 3764 aut

276 3819 374 3893 odori
387 3843 491 3895 sensu
509 3820 599 3894 affici
615 3842 652 3894 se
671 3818 759 3895 dicat
777 3834 1002 3897 necesseest:
1022 3823 1056 3897 id
1073 3824 1166 3900 enim
1186 3850 1308 3902 verum
1321 3838 1357 3904 et

276 3957 325 4030 illi
346 3959 683 4058 compertissimum3
699 3969 732 4033 et
742 3959 792 4032 vel
806 3983 915 4057 quum
927 3960 970 4035 de
986 3961 1041 4054 iis,
1060 3987 1137 4061 quae
1156 3976 1249 4043 entra
1262 3980 1355 4061 sunt,

278 4100 395 4192 rebus,
426 4101 509 4198 quid
527 4101 607 4192 sint,
633 4113 781 4178 statuere
803 4127 873 4178 non
892 4105 1021 4202 possit,
1055 4115 1090 4180 at
1118 4109 1251 4200 saltem,
1274 4109 1356 4207 quid

278 4236 469 4329 videantur,
488 4253 581 4314 certo
595 4243 809 4340 pronuntiat.
825 4243 912 4335 lmo,
925 4256 965 4320 ut
978 4247 1355 4347 confirmatEpicurus,

280 4375 446 4452 «etiamsi
461 4379 599 4455 mentiri
623 4403 745 4458 sensus
763 4392 867 4480 atque
884 4384 1001 4461 lallere
1014 4407 1077 4462 nos
1102 4400 1354 4490 possentnou
