3467 5492
840 570 1034 640 -roo-
1144 532 1146 535 ⁵

445 738 503 812 Sic
522 737 660 812 tandem
676 745 818 834 apparet
838 734 921 833 quid
939 734 1004 808 sibi
1032 735 1179 810 voluerit
1203 745 1321 811 auctor
1339 746 1469 830 noster,

396 913 506 987 quum
529 887 641 962 verbis
664 886 782 962 minus
801 886 952 984 apertis,
976 880 1037 961 sed
1057 908 1127 960 non
1142 885 1217 962 sine
1237 887 1325 962 mira
1345 887 1474 982 ingenii

396 1028 596 1121 subtilitate,
609 1029 788 1127 profitetur
803 1028 956 1102 animam
972 1051 1047 1103 esse
1061 1028 1314 1124 quodammodo
1328 1046 1384 1104 res
1400 1033 1474 1104 sin-

396 1170 509 1266 gulas,
530 1167 676 1265 fierique
686 1168 721 1241 id
735 1168 826 1265 quod
839 1167 997 1258 sentitur,
1011 1179 1182 1263 quatenns
1196 1171 1322 1263 sentit;
1344 1166 1381 1241 id
1393 1190 1473 1243 vero

396 1311 488 1407 quod
505 1309 720 1410 intelligitur,
745 1321 914 1407 qnatenus
932 1307 1104 1404 intelligit.
1126 1308 1205 1382 Non
1223 1308 1329 1405 quod,
1352 1319 1473 1383 natura

394 1461 538 1545 mutata,
568 1448 604 1521 in
624 1471 680 1522 res
701 1448 791 1546 ipsas
825 1448 940 1522 anima
963 1458 1195 1539 convertatur,
1218 1452 1423 1546 sintqueres
1440 1458 1474 1522 et

395 1588 508 1663 anima
529 1613 638 1664 unum
658 1600 692 1665 et
708 1590 799 1665 idem
818 1619 827 1684 ;
847 1591 906 1665 sed
927 1613 1035 1688 quum
1062 1603 1169 1687 agunt
1196 1599 1232 1663 et
1251 1560 1474 1664 rerecadunt

394 1731 460 1804 sub
478 1749 600 1805 sensus
618 1754 673 1805 res
690 1754 766 1827 quae
795 1741 887 1820 sunt,
916 1730 989 1828 ipsa
1021 1729 1198 1805 adactum
1224 1727 1418 1828 adducitur,
1439 1738 1473 1802 et

394 1867 592 1964 allectnum,
624 1891 711 1965 quos
736 1868 877 1967 patitur,
908 1891 983 1967 ope,
1013 1878 1129 1942 motus
1165 1862 1472 1964 exterospercipit

377 1993 427 2080 ¹et
447 2018 554 2099 notat,
575 2007 693 2104 sicque
708 2007 811 2082 rebus
831 2007 992 2104 congruit
1012 2017 1046 2081 et
1065 2009 1264 2104 respondet.
1285 2006 1334 2079 lla
1353 2015 1470 2081 autem

392 2169 470 2242 quae
489 2145 728 2244 intelliguntur
746 2170 894 2245 quaeque
920 2158 1037 2222 mente
1057 2147 1275 2244 assequimur
1296 2147 1332 2220 in
1351 2170 1469 2222 rerum

290 2371 291 2376 η
392 2284 610 2360 sensibilium
636 2285 845 2382 imaginibus
869 2309 954 2382 quas
986 2286 1154 2361 memoria
1179 2297 1352 2377 tenemus,
1377 2309 1467 2384 quo-

391 2424 575 2498 dammodo
601 2422 670 2497 dici
692 2434 838 2522 possunt
868 2424 1037 2498 inhaerere
1064 2423 1169 2498 rebus
1187 2448 1262 2519 quae
1283 2426 1467 2500 materiam

391 2561 536 2647 habenl;
556 2561 609 2636 his
624 2561 718 2634 enim
737 2561 901 2658 sublatis,
918 2562 990 2659 ipsa
1008 2563 1084 2636 lieri
1104 2563 1249 2638 omnino
1270 2576 1465 2663 nequeunt;

391 2724 455 2776 nee
471 2713 587 2776 tamen
598 2724 677 2776 vere
690 2716 771 2776 sunt
782 2702 817 2774 in
835 2713 926 2795 actu,
937 2703 1001 2777 nisi
1017 2702 1052 2775 in
1071 2703 1186 2779 anima
1202 2728 1278 2803 quae
1293 2705 1465 2804 intelligit.

437 2999 660 3095 Compertum
679 3006 731 3071 est
747 2996 851 3094 igitur
873 2995 1023 3070 animam
1045 3020 1062 3070 a
1082 2996 1186 3072 rebus
1205 2997 1400 3074 distinctam
1432 3011 1469 3075 et

256 3154 259 3166 ·
318 3149 321 3156 ’
388 3137 571 3234 sepositam
600 3136 705 3211 videri
737 3135 931 3228 Aristoteli,
965 3159 1035 3212 non
1066 3136 1183 3212 minus
1206 3159 1246 3212 ac
1271 3126 1463 3236 Berlreleio,

386 3277 505 3352 Davidi
528 3277 641 3351 Hume
662 3276 797 3376 ipsique
818 3277 944 3352 Kantio
962 3306 971 3370 ;
987 3301 1052 3352 nec
1073 3278 1217 3354 minime
1233 3290 1348 3354 tamen
1364 3305 1465 3356 eum-

386 3419 466 3492 dem
501 3417 718 3491 imminuisse
749 3439 916 3491 sensuum
951 3417 1173 3514 propriorum
1209 3420 1461 3519 auctoritatem,

386 3581 490 3653 qnam
522 3557 577 3631 isti
608 3555 704 3630 omni
737 3577 803 3654 ope
830 3555 919 3631 enisi
945 3570 1024 3630 sunt
1048 3556 1250 3658 infringere.
1281 3557 1319 3633 ld
1350 3572 1464 3635 autem

385 3709 521 3794 quantae
540 3696 585 3770 sit
601 3695 694 3769 laudi
707 3694 856 3793 principi
871 3695 1273 3794 philosophorumnemo
1288 3719 1355 3770 non
1374 3697 1466 3773 videt
1492 3705 1496 3710 ’

383 3838 441 3935 qui
470 3836 640 3910 rationem
673 3835 776 3910 habet
801 3859 912 3933 quum
944 3847 1153 3932 temporum,
1181 3846 1256 3909 tum
1275 3859 1392 3911 rerum
1420 3839 1464 3913 de

383 3977 508 4074 quibus
524 3976 649 4074 agitur.

429 4117 496 4192 Sed
517 4118 602 4193 ratio
623 4142 727 4215 quam
749 4118 791 4193 de
810 4118 969 4194 sensibus
986 4117 1189 4192 Aristoteles
1214 4140 1251 4191 ea
1277 4116 1461 4214 prudentia

379 4255 549 4346 instituit,
582 4281 728 4358 quaeque
760 4257 895 4334 veritati
926 4254 1073 4331 maxima
1104 4267 1257 4353 exparte
1284 4256 1459 4348 convenit,
