3467 5492
725 639 901 702 ..q-1..

273 799 367 892 lent;
385 821 449 875 nee
473 811 588 874 tamen
619 777 1001 908 singulianimantium
1020 783 1187 878 memoria
1216 805 1350 904 praediti

274 938 452 1034 usquead
481 937 675 1013 universale
704 938 919 1040 ascendunt,
943 938 1003 1014 sed
1033 939 1056 1013 ii
1087 941 1201 1016 solum
1223 941 1348 1039 quibus

274 1073 364 1148 inest
376 1056 525 1148 ratio¹.n
847 1054 850 1058 ⁵
1273 1183 1276 1189 Ι

322 1211 438 1297 Quurn
448 1211 552 1308 igitur
565 1211 1348 1314 Nosterasseveratuniversaleabexperientia

272 1349 467 1446 proficisci,
484 1349 572 1425 absit
588 1361 626 1425 ut
647 1351 884 1425 existimemus
904 1350 939 1424 in
958 1350 1031 1449 ipsa
1045 1351 1255 1450 experientia
1267 1353 1347 1430 satis

273 1511 350 1563 esse
365 1487 514 1586 praesidii
530 1489 571 1562 ad
589 1485 848 1586 intelligendum
862 1514 870 1561 :
884 1487 918 1560 id
942 1510 1050 1562 unurn
1069 1488 1241 1585 signifieat
1254 1548 1263 1580 ,
1277 1490 1344 1564 lio-

274 1626 406 1700 minem
426 1626 511 1699 nihil
529 1605 719 1725 intelligere
737 1649 836 1725 posse
850 1685 858 1718 ‚
872 1626 955 1723 quin
971 1626 1067 1724 prius
1081 1650 1136 1701 res
1156 1628 1347 1726 singulares

272 1789 376 1840 sensu
402 1777 581 1864 perceptas
601 1776 635 1840 et
654 1789 720 1841 usu
742 1765 895 1863 cognitas
917 1765 1056 1870 *habeat
1080 1767 1129 1840 lla
1155 1766 1249 1840 enirn
1270 1742 1355 1864 quae¹

274 1902 580 2000 intelligi'possunt
593 1961 602 1993 ‚
617 1924 686 1977 non
705 1903 740 1976 in
760 1927 818 1994 se,
841 1901 950 1978 sedin
974 1904 1077 1978 rebus
1102 1903 1247 2000 singulis
1262 1905 1349 1982 exis·

274 2049 376 2130 tunt;
395 2063 508 2136 neque
529 2023 580 2114 est
607 2039 736 2138 aliquid
755 2043 846 2137 quud
867 2039 1002 2114 dicatur
1017 2016 1135 2132 horno,
1156 2051 1251 2117 extra
1272 2043 1348 2142 pri-

271 2191 366 2253 vatos
382 2178 555 2274 hemines,
577 2190 635 2253 aut
655 2202 793 2270 verum,
808 2179 962 2268 bonurn,
984 2178 1192 2278 pulchrum,
1217 2183 1348 2280 absque

266 2316 375 2412 rebus
401 2315 522 2404 bonis,
545 2314 657 2407 veris,
681 2315 862 2413 pulchris;
885 2315 1004 2414 sicque
1030 2339 1084 2393 res
1099 2310 1243 2415 'singulae
1265 2343 1346 2394 sen-

269 2454 397 2529 tiantur
415 2475 557 2528 neeesse
578 2464 650 2539 est,
674 2465 858 2550 antequam
881 2453 1117 2551 intelligantur
1137 2479 1176 2530 ea
1196 2481 1273 2553 quae
1293 2459 1348 2533 his

268 2563 430 2668 ornnibus
457 2592 492 2664 in
526 2591 727 2665 uniuersum
761 2590 995 2682 conveniunt3
1031 2615 1141 2689 neque
1172 2593 1346 2672 immerito

235 2731 238 2738 ’
268 2729 467 2804 Aristoteles
493 2729 683 2804 asseruisse
716 2715 863 2818 videtur,
893 2729 1074 2805 seientiam
1095 2731 1282 2828 quamlibet
1309 2731 1345 2805 in

268 2859 337 2940 uno
355 2891 521 2943 sensuum
536 2868 617 2967 poni
636 2927 645 2958 ‚
661 2891 834 2966 sensuque
853 2869 1011 2958 sublato,
1029 2853 1205 2944 seientiam
1221 2870 1348 2969 pariter

269 3005 380 3078 tolli².
430 3041 442 3117 4
1181 3017 1184 3021 ’

315 3146 382 3220 Se'd
401 3145 452 3238 si,
470 3149 637 3246 temporis
663 3162 824 3249 respectu
843 3209 851 3246 ,
873 3150 1065 3248 intelligere
1091 3150 1209 3248 nequit
1226 3149 1343 3240 horna,

266 3284 333 3358 nisi
353 3284 450 3382 prius
472 3287 641 3378 senserit,
663 3311 776 3385 neque
794 3288 833 3363 re
866 3287 1053 3389 intelligit,
1077 3288 1143 3364 nisi
1168 3271 1242 3386 jam
1268 3300 1346 3364 ante

266 3413 392 3499 haheat
411 3407 538 3500 'actum
559 3425 789 3525 inpotentia,
809 3443 879 3501 non
901 3427 948 3501 ita
968 3427 1007 3501 fit
1031 3428 1073 3501 de
1102 3427 1196 3501 omni
1219 3451 1345 3525 genere

265 3561 497 3637 animantium
515 3588 522 3642 :
545 3574 626 3638 sunt
644 3565 738 3638 enirn
754 3565 1001 3662 universaquae
1021 3565 1120 3655 fiunt,
1142 3588 1183 3639 ex
1198 3587 1238 3640 eo
1253 3568 1345 3664 quod

265 3684 342 3772 nolu
357 3710 428 3787 esl,
446 3726 464 3772 (t
479 3714 608 3800 ἔστιγὰρ
625 3710 653 3789 ἐξ
665 3713 825 3802 ἐντελεχείᾳ
839 3719 918 3789 ὄντος
933 3715 1030 3781 πάντα
1046 3716 1084 3780 τὰ
1095 3710 1228 3802 γινόμενα
1239 3705 1291 3778 ³.»
1308 3704 1345 3778 ld

266 3848 381 3912 autern
410 3839 567 3936 quudest
582 3853 661 3917 artu
690 3842 915 3941 intelligens,
948 3865 1017 3917 non
1037 3843 1066 3917 is
1090 3841 1223 3940 estqui
1249 3865 1344 3917 nune

309 4148 317 4179 ¹
341 4137 452 4209 Ᾱναλυτ.
467 4149 552 4223 tute,
569 4147 590 4212 l.
603 4151 641 4226 ll,
655 4170 683 4214 e.
698 4171 762 4214 tux.

308 4257 319 4291 ’
339 4247 450 4317 Ᾰναλυτ.
464 4257 549 4330 δεύῃ,
566 4254 588 4317 l.
604 4258 629 4334 l,
642 4277 668 4321 (t.
684 4277 769 4321 xvlll.

308 4375 319 4415 ³
340 4345 792 4454 nqrqq.,1.1rr,0.v11,qr,'
