3467 5492
851 628 895 651 -..-
919 603 962 668 30
977 586 1031 652 ‘..

400 751 521 854 gillum
551 756 586 828 in
617 771 756 832 amnem
775 759 959 856 prologum
976 760 1121 853 incidat,
1145 761 1259 842 delicit
1286 762 1469 853 memoria,

401 895 551 994 itemque
577 895 611 969 in
641 896 716 972 aliis
742 919 890 996 quorum
921 911 1034 996 partes
1055 899 1163 974 nimio
1189 901 1306 976 attritu
1337 901 1468 999 rigidae,

402 1048 564 1135 tanquam
581 1038 704 1113 rudera
718 1038 1053 1136 dilllunntmotuque
1066 1040 1289 1116 abhorrent⁴.

425 1159 428 1164 ⁵
444 1177 829 1276 Patetigitur,exallatis
837 1179 1054 1273 testimoniis,
1064 1180 1359 1257 Aristotelemnon
1370 1183 1472 1256 semel

401 1317 582 1392 obscurius
598 1319 737 1410 dixisse,
754 1331 788 1394 at
805 1321 841 1393 in
862 1343 900 1395 re
921 1321 1050 1419 passim
1065 1331 1099 1396 et
1111 1321 1205 1397 omni
1227 1322 1331 1397 modo
1347 1321 1476 1418 signifi-

403 1451 547 1543 carisse,
571 1477 647 1552 quae
673 1455 716 1530 sit
733 1456 892 1555 corporei
909 1468 1023 1532 motus
1050 1468 1083 1531 et
1111 1457 1218 1532 animi
1246 1457 1386 1532 allectus
1407 1455 1477 1529 dis-

402 1591 519 1668 tinctio
530 1621 538 1683 3
551 1594 762 1692 nequehaud
772 1619 854 1670 sane
868 1579 951 1689 erat,
966 1598 1056 1695 quod
1068 1597 1115 1672 ita
1130 1597 1164 1670 in
1174 1619 1214 1672 eo
1225 1619 1473 1682 commorarer,

406 1732 472 1806 nisi
490 1733 525 1806 id
543 1732 684 1807 maximi
702 1734 870 1809 momenti
890 1748 923 1810 et
941 1734 1114 1834 ponderis
1129 1735 1215 1809 milri
1229 1736 1341 1810 visum
1360 1735 1480 1810 suisset

398 1870 447 1945 ad
468 1857 715 1946 enucleandam
750 1873 858 1971 ipsius
881 1874 1079 1973 opinionem
1110 1887 1143 1949 et
1162 1875 1340 1950 veritatem
1363 1896 1479 1948 rerum

409 2011 694 2088 confirmandam.

457 2149 586 2247 Siquis
605 2161 877 2228 tamenmotum
906 2153 981 2226 sine
1002 2153 1124 2228 affectu
1145 2164 1204 2228 aut
1223 2151 1386 2227 allectum
1407 2151 1482 2226 sine

408 2297 502 2362 motu
520 2310 598 2363 vere
619 2289 693 2363 fieri
718 2301 752 2364 et
781 2290 964 2389 separatim
982 2313 1056 2365 esse
1076 2311 1172 2387 posse
1197 2288 1233 2361 in
1256 2300 1335 2363 actu
1362 2287 1480 2362 existi-

410 2436 497 2515 met,
517 2425 545 2501 is
559 2427 659 2524 longe
677 2429 805 2524 aberit,
830 2443 866 2502 ut
881 2427 1046 2503 doctrinae
1064 2426 1291 2501 Aristotelicae
1307 2449 1482 2500 summam

411 2565 667 2663 complectatur.
679 2565 804 2640 Noster
815 2567 907 2640 enirn
917 2626 926 2663 ,
938 2590 1045 2662 quum
1056 2566 1157 2641 affert
1169 2577 1283 2640 motus
1298 2566 1485 2662 impressos

412 2701 447 2776 in
467 2725 609 2801 corpore
627 2725 817 2794 remanere,
839 2702 983 2778 sublatis
1003 2703 1107 2777 etiam
1126 2703 1228 2776 rebus
1244 2700 1403 2790 externis,
1423 2699 1485 2774 ibi-

413 2841 492 2915 dem
510 2863 666 2939 expresse
691 2850 823 2937 monet,
842 2841 906 2914 hos
926 2861 996 2913 non
1010 2857 1085 2915 esse
1099 2862 1213 2931 veros,
1234 2838 1294 2914 sed
1315 2838 1429 2912 solum
1447 2854 1512 2911 ex‘

414 3000 450 3054 se
470 3001 569 3077 posse
595 2980 686 3069 lieri,
710 2991 748 3054 ut
772 2979 924 3078 primum
954 2989 1158 3053 amoventur
1187 3000 1223 3052 ea
1244 3001 1320 3075 quae
1340 2976 1488 3065 obstant,
1534 3065 1537 3069 φ

415 3143 432 3188 ((
447 3130 528 3194 ἔνεισι
543 3123 677 3217 δυνάμει,
692 3126 834 3217 ἀνειμένου
846 3124 877 3193 δὲ
891 3130 941 3194 τοῦ
954 3121 1130 3201 κωλύοντος,
1147 3115 1328 3215 e’reppor‘rcr’.
1342 3141 1359 3184 t)
1374 3113 1487 3188 Motus

414 3255 529 3347 enim,
553 3279 614 3332 seu
633 3255 668 3331 in
690 3279 727 3330 re
746 3256 883 3348 sensili,
906 3279 965 3331 seo
994 3255 1029 3327 in
1048 3277 1217 3330 sensuum
1247 3252 1489 3327 instrumentis

414 3395 554 3488 existat,
590 3416 658 3469 non
684 3396 757 3495 ipse
789 3395 854 3470 sibi
889 3394 1032 3486 sufficit,
1064 3417 1128 3470 nec
1156 3393 1236 3468 satis
1266 3391 1487 3487 intelligitur,

416 3533 675 3610 nisi'releratur
702 3534 745 3608 ad
780 3534 953 3609 allectum.
985 3533 1061 3606 Hoc
1095 3531 1238 3629 quidem
1270 3553 1352 3604 cum
1383 3528 1490 3602 multa

417 3672 600 3749 verborum
616 3673 646 3746 vi
666 3672 837 3770 significat
857 3672 1080 3763 Aristoteles,
1102 3693 1210 3769 quum
1232 3663 1406 3744 declarare
1422 3689 1491 3740 non

419 3811 563 3909 dubitat,
593 3813 724 3889 ratione
743 3813 882 3911 quidem
909 3812 999 3886 inter
1019 3835 1056 3887 se
1077 3811 1214 3888 differre
1233 3833 1308 3885 rem
1336 3807 1490 3884 sensibi-

420 3973 487 4046 pem
505 3961 539 4026 et
552 3951 724 4041 enimam,
749 3936 809 4027 sed
829 3973 936 4026 unam
961 3961 994 4025 et
1010 3949 1169 4026 eamdem
1194 3954 1269 4024 'esse
1285 3947 1335 4022 rei
1353 3944 1490 4021 sensilis

463 4243 471 4276 ¹
496 4247 670 4323 llrpipuipac.
686 4257 713 4299 c.
728 4256 750 4298 1.

462 4353 473 4394 ¹
493 4358 553 4436 Περὶ
567 4355 666 4415 tom„
680 4364 707 4410 e.
722 4364 767 4410 ιιι.
