3467 5492
821 593 1003 658 ...96-

367 766 518 858 biadem,
551 765 715 840 Cleonem
736 764 989 862 nonnullosque
1020 764 1105 839 alios
1121 764 1270 853 videris,
1296 765 1444 863 prolecto

368 928 437 992 nou
457 903 538 980 satis
555 904 621 978 erit
639 914 757 1002 postea
772 903 908 976 fidelem
924 902 1201 1002 uniuscujusque
1213 905 1340 979 horum
1358 904 1445 979 ima·

369 1046 489 1143 ginum
511 1043 788 1119 recordationem
807 1054 873 1118 ate
885 1044 1018 1118 diverse
1032 1023 1299 1142 singulatimque
1323 1045 1444 1142 repeti,

369 1197 407 1258 ut
425 1181 554 1280 aliquid
574 1181 767 1256 universale
802 1180 1007 1278 assequaris.
1030 1180 1129 1270 Quod
1157 1180 1187 1256 si
1211 1182 1294 1257 velis
1313 1185 1447 1259 easdem

369 1324 533 1419 imagines
559 1343 628 1395 non
647 1345 687 1396 ex
706 1331 777 1395 toto
803 1318 1027 1419 proprieque,
1048 1320 1108 1394 sed
1132 1343 1196 1418 per
1213 1332 1326 1418 partes
1353 1345 1446 1399 com·

371 1485 504 1551 munes,
524 1460 620 1559 quasi
639 1459 819 1535 deficiente
837 1459 1014 1555 memoria,
1035 1459 1073 1532 in
1091 1465 1126 1534 te
1144 1461 1321 1555 renovari,
1338 1461 1381 1537 ita
1398 1473 1443 1554 ut,

371 1601 465 1676 omni
483 1623 599 1676 rerum
619 1599 819 1675 discrimine
845 1608 991 1689 remoto,
1004 1623 1043 1673 ex
1065 1599 1211 1697 singulis
1232 1601 1440 1698 diversisque
1503 1660 1506 1665 <
1621 1650 1622 1653 =

370 1736 577 1837 imaginibus
603 1763 670 1814 una
692 1739 749 1813 siat
766 1738 879 1835 imago
896 1761 979 1834 vaga
1003 1749 1037 1813 et
1066 1738 1212 1830 infinita,
1238 1763 1327 1837 nego
1346 1740 1445 1815 etiam

371 1888 445 1951 tum
462 1876 552 1950 hanc
573 1873 758 1971 imaginem
775 1873 866 1949 idem
887 1896 962 1948 esse
976 1885 1079 1971 atque
1097 1877 1292 1951 universale
1321 1876 1363 1951 de
1383 1899 1448 1974 quo

371 2014 547 2113 quaeritur.
566 2012 641 2098 Quo
668 2012 760 2086 enim
779 2023 879 2109 pacto
904 2011 1093 2108 intelligere
1113 2037 1230 2109 queas,
1257 2014 1292 2088 in
1314 2038 1445 2106 ouoea,

372 2178 475 2252 quam
506 2151 592 2226 dicis
618 2151 825 2241 universam,
857 2149 969 2246 imago
1001 2151 1180 2226 conueniat
1198 2177 1252 2228 cu:
1309 2155 1450 2251 singnis

372 2291 493 2388 quibus
523 2299 665 2379 constat,
696 2292 815 2361 autin
844 2309 912 2384 quo
942 2286 985 2361 ab
1010 2287 1142 2362 eisdem
1171 2290 1330 2367 differat?
1351 2295 1448 2380 Quod

371 2429 512 2527 quidem
533 2448 640 2524 quum
661 2447 703 2498 ne
731 2423 876 2497 minime
896 2423 1039 2520 quidem
1063 2447 1125 2522 per
1152 2449 1290 2502 sensum
1319 2441 1353 2504 et
1368 2453 1448 2506 mo-

373 2569 531 2659 moriam,
562 2567 656 2641 omni
686 2566 827 2641 rationis
858 2588 923 2663 ope
959 2565 1143 2642 destitutus
1175 2569 1291 2643 dicere
1317 2572 1445 2665 valeas,

373 2710 571 2809 praedictam
583 2707 768 2804 imaginem
782 2716 947 2804 tanquam
962 2705 1065 2781 unius
1080 2707 1128 2781 rei
1145 2709 1354 2806 peculiarem
1367 2712 1453 2786 ima-

372 2849 488 2946 ginem
508 2845 661 2935 habebis,
687 2846 814 2920 nedum
835 2843 994 2930 eamdem
1016 2845 1221 2940 generaliter
1244 2848 1390 2924 definias
1419 2861 1456 2925 et

373 2987 471 3086 quasi
490 3008 711 3061 communem
730 2994 845 3060 notam
861 2981 1004 3081 singulis
1025 2984 1183 3080 ejusdem
1197 2987 1332 3084 generis
1350 2988 1456 3064 rebus
1554 3027 1558 3033 ⁴

373 3127 515 3202 tribuas.
535 3123 655 3220 Neque
682 3124 775 3198 enim
792 3146 891 3198 mens
905 3123 946 3197 ad
975 3123 1169 3199 universale
1187 3124 1308 3231 sertor,
1335 3126 1401 3200 nisi
1420 3127 1455 3200 vi

373 3263 518 3362 quadam
536 3261 675 3358 propria
708 3260 948 3358 cogitationem
979 3261 1133 3348 intendat
1161 3265 1195 3336 in
1226 3263 1349 3354 varias,
1368 3289 1456 3360 quas

373 3406 539 3478 memoria
567 3402 710 3500 praebet,
733 3402 866 3499 species
890 3401 1090 3498 exquibus,
1127 3402 1293 3498 neglectis
1310 3402 1455 3499 quidem
1538 3467 1542 3474 .

372 3543 579 3633 differentiis,
593 3543 627 3617 id
641 3543 753 3616 solum
769 3543 906 3638 colligat
916 3541 1008 3639 quod
1024 3541 1176 3616 videatur
1188 3542 1251 3616 sibi
1266 3545 1442 3636 constans,
1491 3581 1495 3586 ·

373 3706 483 3758 unum
504 3694 537 3756 et
552 3703 754 3756 commune.

421 3819 478 3894 Sic
500 3832 616 3897 autem
633 3819 805 3896 Aristoteli
822 3819 934 3894 uisum
958 3817 1081 3909 luisse,
1102 3841 1172 3894 non
1190 3820 1294 3894 modo
1312 3821 1454 3918 conjec-

371 3972 446 4036 tura
466 3984 643 4058 assequor,
665 3961 723 4036 sed
746 3961 883 4059 reperio
897 3981 975 4034 non
989 3960 1095 4034 semel
1111 3959 1154 4033 ab
1174 3959 1249 4056 ipso
1269 3959 1454 4034 confirma-

372 4107 456 4171 tum.
475 4122 491 4168 r
507 4096 621 4182 Quum
654 4098 722 4172 hoc
753 4098 903 4175 habeant
931 4099 966 4172 in
992 4121 1028 4173 se
1050 4099 1205 4173 naturale
1234 4121 1354 4172 omnes
1374 4097 1453 4171 ani·
1508 4183 1512 4190 ¹

371 4247 523 4327 mantes,
544 4249 582 4311 ut
596 4235 745 4312 sentiant
764 4265 773 4330 ;
788 4225 814 4311 ii
824 4307 828 4314 ,
846 4238 911 4313 soli
929 4238 1105 4335 inquibus
1133 4248 1316 4336 permanet
1331 4261 1453 4313 sensus

372 4375 478 4468 semel
496 4386 703 4474 perceptus,
720 4376 851 4482 aliquid
864 4386 993 4475 praeter
1009 4399 1154 4459 sensum
1169 4398 1377 4484 cognoscere
1391 4399 1453 4462 va,
