3467 5492
835 545 1006 612 „90-

389 715 445 791 cui
465 713 677 804 macedum
693 714 731 788 ut
747 714 897 799 conscia,
920 716 1022 790 unius
1035 713 1187 791 notionis
1201 717 1352 792 formam
1365 715 1462 793 adhi-
1546 806 1551 813 ι

387 856 459 933 bet.
581 883 583 886 ·

434 998 552 1096 Neque
571 997 600 1072 is
617 994 816 1092 intelligitur
832 996 932 1070 locus
953 996 1101 1088 medius,
1123 989 1226 1096 louge
1242 984 1459 1092 alacribus,

242 1242 245 1248 Ι
386 1137 507 1226 oculis,
523 1136 665 1211 naribus
683 1151 717 1212 et
733 1138 846 1234 palato
862 1135 1030 1230 diversus,
1048 1137 1202 1235 inquom
1217 1138 1374 1236 undique
1388 1134 1460 1213 col-

279 1295 283 1301 ·
333 1290 339 1308 s
383 1274 463 1350 lecti
483 1274 569 1361 soni,
587 1274 730 1366 colores,
749 1273 873 1348 odores
892 1277 926 1349 et
940 1273 1092 1372 sapores,
1109 1276 1202 1350 uelut
1217 1277 1304 1351 lacta
1324 1276 1462 1374 corispi-

264 1442 281 1480 .·
383 1416 527 1508 ratione,
551 1421 802 1513 congregantur
822 1415 928 1513 inque
956 1439 1066 1491 unum
1092 1409 1370 1510 contunduntum
1396 1417 1461 1490 nisi

381 1579 446 1654 por
462 1569 543 1632 eum
557 1557 675 1631 locum
693 1556 907 1653 significetur
920 1557 1141 1633 solummodo
1159 1558 1338 1657 praecipua
1362 1557 1462 1632 sedes

381 1706 416 1770 et
436 1695 532 1794 quasi
548 1694 762 1771 domicilium
784 1695 904 1785 animi,
931 1718 1000 1794 quo
1023 1691 1146 1774 cuncta
1169 1701 1308 1794 vergere
1327 1708 1459 1795 puten-
1535 1759 1554 1773 .

270 1857 275 1865 ’
380 1847 448 1912 tur.
467 1836 626 1933 Tumque
642 1839 763 1912 seusus
785 1836 984 1913 eommunis
1004 1859 1066 1935 per
1095 1861 1133 1912 se
1155 1834 1242 1911 nihil
1262 1835 1458 1935 percipiet,

280 2069 282 2076 y
380 1999 555 2052 necverus
570 1975 693 2052 seusus
707 1978 785 2068 erit,
804 1979 863 2053 s'ed
876 1989 969 2052 certa
981 1999 1060 2076 pars
1073 1967 1242 2077 torporis,
1258 1999 1335 2075 quae
1348 1975 1461 2050 uarios

379 2128 531 2192 motusa
553 2115 697 2213 singulis
718 2125 883 2193 sensuum
912 2107 1148 2192 instrumentis
1168 2105 1287 2193 allatos
1311 2115 1460 2214 accipiet

378 2267 412 2330 et
429 2251 1013 2353 quasicommuue'instrumeutum
1029 2255 1156 2330 animae
1175 2224 1352 2354 praebehlt'.¹

425 2394 514 2470 Rem
532 2395 625 2471 enim
646 2417 725 2472 vero
747 2405 815 2488 don
836 2396 934 2472 aliter
957 2395 1107 2470 habebat
1131 2394 1326 2487 Certemus,
1347 2401 1457 2493 quum

377 2532 441 2612 sihi
460 2526 556 2612 uisus'
584 2547 637 2610 est
656 2529 846 2634 agnouisse,
867 2556 937 2609 nou
956 2535 993 2610 in
1022 2536 1148 2624 corde,
1171 2554 1283 2631 neque
1317 2532 1353 2606 in
1385 2519 1457 2609 toto

375 2674 517 2752 cerebro
538 2667 742 2750 muneribus
756 2674 827 2751 suis
848 2675 947 2771 fungi
966 2673 1136 2766 animum,
1156 2661 1268 2749 sedin
1290 2670 1457 2771 penetra'-

374 2815 468 2890 libus¹
486 2813 638 2906 cerebri,
665 2837 729 2911 qua
744 2810 838 2912 jacet
857 2812 1020 2910 glandula
1038 2812 1152 2888 tenuis
1178 2802 1288 2890 unice¹
1303 2823 1382 2888 nata
1413 2815 1455 2889 ad

374 2951 590 3051 recipiendos
606 2949 758 3049 undiquc
780 2944 1023 3025 conuenientes
1040 2951 1196 3024 motus‘.

422 3091 518 3168 Licet
535 3091 569 3165 id
588 3113 613 3166 a
628 3085 1010 3187 Carte‘sioingenioslus
1023 3081 1112 3164 lor'te
1128 3111 1234 3187 quam
1250 3088 1366 3164 uerius
1384 3076 1454 3164 dis·

372 3238 525 3328 putetur,
545 3249 611 3304 uec
625 3223 817 3328 pr‘obeutu'r
831 3229 1005 3326 pleraque,
1023 3228 1084 3303 sed
1101 3215 1320 3303 affirmentur
1331 3229 1451 3313 modo,

372 3367 408 3441 in
427 3388 468 3442 eo
487 3368 610 3442 saltem
627 3376 765 3465 praestat
782 3390 833 3458 ea,
857 3389 960 3463 quam
980 3365 1131 3441 defendit
1156 3359 1266 3457 ratio,
1288 3365 1390 3462 quod'
1409 3376 1453 3440 rte

372 3502 559 3580 minimum
581 3503 730 3601 quidem·
753 3503 790 3577 in
818 3499 936 3578 auimo
966 3497 1150 3580 discidium
1179 3495 1358 3593 admittam
1393 3503 1452 3599 qui

371 3641 513 3735 scilicet,
530 3651 570 3716 ut
587 3642 632 3716 iu
643 3641 758 3718 medio
775 3639 923 3749 corpores
935 3642 1056 3718 sedem
1073 3634 1188 3718 uriam·
1202 3631 1367 3739 occupat,
1399 3641 1452 3716 slc

372 3804 440 3856 uuo
461 3777 831 3858 conscientim'iutuitu
861 3775 1027 3874 diversos,
1055 3775 1181 3880 qulbus
1206 3791 1378 3872 movetur,
1396 3781 1450 3854 al-

369 3922 488 3996 lectus
504 3919 725 4018 amplectitur
739 3915 927 4018 eademque
953 3920 1031 3996 luce
1057 3919 1273 3996 collustratos
1296 3917 1448 4018 percipit

369 4071 404 4137 et
420 4061 561 4160 cogitio
571 4057 703 4137 uuum.

410 4331 419 4364 ¹
441 4327 534 4392 'l'ract
550 4326 585 4391 de
601 4325 800 4405 allectionibus,
818 4325 839 4390 l.
852 4328 877 4405 1,
892 4327 911 4409 S
928 4329 977 4408 51,
992 4325 1043 4394 ὄλ
