3467 5492
851 532 1028 596 ...72-

401 715 508 779 tensae
529 701 679 799 speciem
697 699 796 776 nobis
813 700 925 775 inesse
939 700 1130 791 affirmant,
1148 700 1178 775 si
1204 700 1247 776 de
1268 700 1393 800 specie·
1406 702 1474 800 ipsa

402 845 602 941 loquuntur,
619 839 663 917 ita
675 850 751 915 est:
770 838 901 937 species
916 839 1009 914 enim
1029 862 1094 935 qua
1119 838 1182 915 sibi
1203 839 1348 938 quisque
1362 847 1474 917 animo

402 981 533 1079 effingit
553 1002 678 1078 corpus
692 978 895 1054 continuum
916 978 952 1051 iu
968 978 1233 1076 longitudinem,
1259 980 1474 1056 latitudinem
1503 950 1506 955 Α

400 1131 433 1196 et
451 1119 675 1219 protundum,
695 1117 780 1192 nihil
801 1118 985 1192 confusum
1005 1130 1063 1192 aut
1083 1119 1287 1218 perplexum
1306 1119 1342 1194 in
1364 1145 1400 1196 se
1418 1121 1474 1196 ba-

398 1261 469 1352 bet,
486 1281 595 1356 neque
609 1259 684 1332 ideo
710 1256 818 1332 multo
839 1256 1022 1332 dilucidior
1039 1269 1201 1355 apparet,
1224 1281 1312 1352 nec,
1341 1259 1473 1356 quoties

399 1409 553 1474 mutatur
567 1420 691 1474 sensus
710 1397 995 1488 instrumentum,
1016 1395 1134 1481 minus
1149 1396 1277 1481 variat,
1298 1420 1402 1494 quam
1416 1421 1473 1473 co-

399 1538 528 1630 lorum,
558 1559 720 1612 sonorum
735 1547 969 1611 ceterorumve
986 1535 1155 1611 similium
1174 1535 1322 1634 species.
1338 1535 1397 1611 Sin
1416 1562 1473 1613 au-

399 1688 468 1751 tem
490 1675 606 1751 dicant
635 1695 700 1750 nos
724 1675 862 1773 penitus
886 1675 1094 1772 intelligere,
1114 1675 1197 1772 quid
1222 1675 1265 1751 sit
1285 1677 1319 1750 in
1341 1677 1415 1774 ipsa
1435 1700 1472 1751 re

399 1840 475 1915 quae
493 1826 635 1915 apparet
656 1826 802 1908 extensa,
824 1814 911 1890 mibi
933 1815 1086 1890 tenebrae
1110 1827 1207 1908 sunt,
1228 1816 1471 1892 minuendam·

397 1979 464 2053 que
479 1976 603 2031 censeo
627 1954 755 2052 ingenii
775 1955 920 2030 humaui
940 1953 1190 2051 arrogantiam:
1218 1954 1352 2050 quoties
1378 1955 1471 2031 enim

395 2093 480 2168 mibi
502 2104 581 2168 ante
596 2093 715 2168 oculos
728 2092 843 2192 ipsum
860 2114 1016 2191 propono
1032 2116 1159 2192 corpus
1174 2103 1365 2186 extensum,
1380 2095 1472 2169 subit

394 2234 553 2333 cogitatio
570 2233 721 2332 partium
741 2232 867 2330 quibus
886 2244 1038 2325 constat,
1054 2258 1130 2329 quae
1144 2234 1300 2330 quidem,
1328 2236 1370 2310 ad
1388 2235 1471 2309 infi-

394 2378 505 2452 nitum
520 2386 653 2467 secatae,
668 2386 782 2473 partes
803 2398 913 2472 usque
931 2386 1087 2452 extensas
1108 2377 1273 2470 retinent,
1291 2388 1468 2477 totumque

393 2514 490 2607 illud,
520 2536 659 2613 semper
677 2513 844 2606 divisum,
872 2536 1011 2611 semper
1031 2515 1278 2613 compositum,
1299 2540 1411 2592 unum
1435 2528 1468 2592 et

382 2653 583 2751 multiplex,
601 2651 689 2726 mibi
706 2650 838 2726 videtur
852 2651 889 2726 in
906 2650 1022 2726 animo
1036 2651 1261 2728 informatum
1286 2664 1320 2727 et
1331 2655 1466 2746 fictum,

389 2803 428 2868 ut
451 2790 625 2867 Leibnizio
647 2790 812 2866 monades
834 2789 1037 2887 excogitanti
1068 2790 1212 2889 placuit,
1241 2804 1301 2868 aut
1327 2794 1465 2891 potius,

390 2931 473 3030 quid
487 2930 522 3004 in
537 2952 574 3003 re
587 2928 641 3020 sit,
659 2928 792 3004 nescio.

437 3067 536 3154 Quod
556 3066 599 3141 ad
615 3065 818 3141 soliditatem
840 3064 983 3158 attinet,
1012 3088 1049 3140 ea
1080 3088 1144 3140 vox
1164 3090 1284 3143 rursus
1317 3068 1352 3140 in
1377 3066 1475 3144 duas

388 3207 575 3286 sententias
592 3204 782 3304 accipitur,
804 3214 837 3279 et
857 3204 961 3279 modo
974 3203 1145 3301 significat
1158 3205 1281 3282 nisum·
1301 3230 1403 3305 quem
1425 3207 1461 3280 in

386 3349 486 3428 nobis
499 3357 678 3424 contactus
696 3345 773 3420 duri
795 3345 952 3444 corporis
967 3345 1051 3436 ciet,
1074 3345 1171 3443 isque
1192 3345 1303 3436 nisus,
1320 3369 1383 3445 pro
1397 3371 1461 3422 cu-

380 3491 508 3589 jusque
522 3485 653 3561 viribus
674 3477 785 3583 major
797 3483 974 3579 minorve,
991 3507 1114 3559 sensus
1128 3494 1182 3559 est
1202 3484 1261 3581 qui
1281 3485 1367 3559 nihil
1381 3509 1461 3561 cor-

384 3628 459 3729 pori
469 3626 578 3704 simile
591 3623 707 3700 habet.
725 3623 935 3720 Eademque,
949 3621 1013 3695 alia
1027 3622 1177 3719 quadam
1191 3622 1332 3699 notione
1347 3622 1456 3717 verbi,

381 3767 556 3844 interdum
571 3762 701 3838 indicat
713 3760 1010 3860 impenetrabilem
1025 3761 1180 3859 corporis
1193 3771 1367 3855 naturam,
1388 3787 1457 3861 qua

377 3906 507 3984 scilicet
519 3929 538 3982 a
549 3904 636 3994 loco,
649 3923 752 4001 quem
767 3910 927 4000 occupat,
943 3898 1085 3996 quodvis
1100 3899 1194 3974 aliud
1208 3923 1335 3999 corpus
1352 3917 1457 3998 sepo·¹

375 4069 459 4122 nere
479 4054 513 4120 et
532 4044 695 4142 repellere
720 4041 877 4132 videtur;
898 4038 1017 4138 sicque
1037 4038 1088 4114 rei
1109 4037 1264 4117 sensibili
1283 4039 1333 4115 vis
1351 4038 1451 4139 peni-

378 4199 433 4264 tus
457 4184 572 4261 abdita
584 4181 761 4276 tribuitur,
777 4181 910 4258 etiamsi
924 4176 1011 4254 nibil
1024 4178 1061 4255 in
1074 4178 1183 4279 ipsius
1196 4191 1320 4256 natura
1334 4201 1454 4258 revera

369 4322 599 4430 percipiatur.
