3467 5492
819 541 996 606 ..64-

367 720 439 774 non
457 695 564 794 possit
575 717 615 769 ex
627 715 668 769 eo
681 693 773 770 unde
787 714 858 766 non
872 691 915 765 sit
929 694 955 783 ¹,
971 692 1052 789 quid
1065 691 1444 791 respondeathrcesilae

367 832 504 931 neganti
522 834 633 908 ullum
655 856 730 909 esse
745 832 858 907 visum
875 854 1009 915 verum,
1027 831 1084 906 cui
1106 855 1175 905 non
1190 835 1386 929 oppositum
1401 832 1444 907 sit

366 972 478 1046 visum
497 971 588 1046 aliud
616 971 754 1057 falsum,
781 969 873 1068 quod
894 968 936 1043 ab
958 991 998 1044 eo
1018 969 1105 1042 nihil
1129 967 1263 1044 intersit
1284 971 1443 1068 quodque

368 1109 500 1208 percipi
526 1133 595 1184 non
629 1109 765 1208 possit‘l
786 1109 958 1197 Jamvero,
982 1108 1046 1183 etsi
1077 1118 1169 1183 tanta
1197 1108 1385 1184 similitudo
1411 1109 1445 1182 in

367 1270 482 1322 rerum
504 1257 625 1322 natura
648 1269 719 1321 non
743 1258 807 1339 est,
829 1247 935 1322 videri
955 1258 1048 1323 certo
1074 1256 1213 1345 potest:
1230 1248 1322 1322 sallet
1341 1246 1446 1344 igitur

367 1409 506 1462 sensum
527 1445 536 1478 ,
560 1395 592 1461 et
614 1386 642 1461 si
676 1409 743 1460 una
774 1385 930 1461 fefellerit
953 1384 1159 1474 similitude,
1190 1385 1295 1460 dubia
1329 1384 1444 1459 omnia

367 1523 565 1600 reddiderit.
597 1522 651 1597 Ad
685 1523 719 1596 id
754 1523 847 1598 enim
876 1523 969 1620 quod
1002 1524 1128 1620 agitur,
1165 1521 1252 1595 nihil
1282 1522 1443 1606 interest,

368 1661 575 1737 omnibusne
588 1660 743 1758 partibus
763 1660 831 1735 visa
851 1685 905 1736 res
919 1661 1006 1734 nihil
1025 1660 1170 1752 differat,
1191 1684 1234 1734 an
1258 1659 1445 1737 internosci

380 1823 449 1875 non
463 1799 582 1897 possit,
606 1799 737 1874 etiamsi
753 1799 898 1874 differat.
914 1800 1043 1898 ltaque,
1059 1822 1168 1897 quum
1185 1799 1272 1873 nihil
1290 1799 1333 1874 sit
1354 1800 1444 1898 quod

367 1959 444 2012 vere
476 1937 724 2034 comprehendi
743 1937 874 2036 possit,
897 1945 1105 2022 καταληπτόν,
1131 1936 1332 2013 Academici
1360 1938 1445 2013 reti-

370 2075 518 2150 nondam
528 2075 892 2170 assensionemmerito
900 2076 965 2152 sibi
973 2077 1177 2153 videbantur
1194 2086 1355 2151 statuere.

394 2199 401 2212 ’
417 2216 491 2291 Nec
502 2214 618 2290 minus
632 2215 667 2288 in
681 2214 816 2290 lubrico
826 2226 1020 2299 versantur,
1036 2215 1109 2313 qui,
1127 2215 1447 2314 interpretationem

368 2357 411 2430 ab
440 2353 588 2430 Averroe
621 2355 808 2453 prolectam
832 2353 952 2441 secuti,
987 2364 1110 2452 putant
1136 2355 1264 2430 formas
1295 2355 1401 2454 ipsas,
1429 2380 1450 2430 a

370 2497 473 2572 rebus
491 2506 594 2580 ortas,
617 2495 728 2570 minui
747 2497 859 2571 eundo
874 2495 1118 2592 extenuarique
1133 2495 1316 2593 gradatim,
1335 2497 1450 2572 donec

369 2636 523 2735 corporis
540 2646 693 2734 expertes
710 2635 861 2710 animam
879 2637 1015 2710 adeant.
1038 2635 1168 2710 Praeter
1189 2637 1223 2710 id
1245 2637 1339 2711 enim
1354 2639 1449 2735 quod
1522 2706 1529 2714 .

370 2777 456 2851 nihil
503 2775 684 2851 absurdius
713 2787 746 2850 et
776 2775 935 2850 obtusius
964 2773 1032 2848 dici
1061 2776 1288 2872 excogitarive
1317 2787 1446 2875 potest,

370 2939 474 3015 quam
493 2914 626 3014 species
645 2914 710 2989 isto
731 2914 833 2987 modo
860 2913 935 2986 fieri
952 2936 992 2987 ex
1014 2914 1188 3012 corporeis
1213 2914 1447 3011 incorporeas,

371 3078 435 3152 qua
451 3053 591 3128 tandem
607 3052 740 3126 ratione
758 3051 1070 3135 confirmenteum,
1092 3075 1196 3149 quam
1211 3053 1276 3127 sibi
1293 3066 1448 3138 sumunt,

371 3197 561 3269 formarum
579 3215 660 3268 cum
669 3191 771 3267 rebus
785 3190 1072 3289 congruentiam?
1086 3192 1239 3278 Quamne
1252 3195 1451 3293 relinquant

374 3336 512 3419 animae,
547 3356 727 3430 nunquam
755 3355 794 3406 ex
821 3331 1005 3406 solitudine
1033 3355 1093 3406 sua
1127 3333 1218 3408 foras
1250 3336 1449 3433 prodeunti,

374 3475 464 3550 viam
489 3475 662 3572 exigendae
681 3473 874 3571 imaginum
904 3473 1008 3548 fidei‘l
1028 3473 1102 3548 lmo
1124 3474 1256 3572 species
1276 3500 1361 3573 quas
1378 3477 1454 3553 sine

375 3614 517 3690 materia
531 3614 679 3711 fingunt,
693 3616 752 3710 qul
767 3624 909 3711 possent
927 3635 1008 3688 cum
1024 3612 1227 3710 corporibus
1240 3615 1453 3690 convenire?

422 3754 573 3828 Unicum
586 3761 692 3826 restat
705 3751 920 3849 philosophis
936 3751 1115 3848 effugium,
1128 3763 1167 3826 ut
1175 3754 1319 3827 doceant
1332 3777 1453 3830 sensus

375 3889 457 3966 oriri
474 3889 511 3962 in
531 3889 656 3964 animis
679 3899 713 3964 et
739 3911 881 3987 prorsus
905 3889 1037 3964 nullam
1056 3912 1172 3964 rerum
1192 3890 1343 3988 effigiem
1364 3896 1453 3967 inse

374 4050 493 4125 gerere
508 4051 519 4100 x:
536 4026 655 4124 sicque
673 4028 803 4102 nodum
825 4025 976 4124 expediri
994 4049 1109 4125 posse,
1130 4026 1213 4102 hinc
1234 4026 1450 4112 Aristoteles,

375 4164 470 4238 illinc
495 4163 708 4240 Democritus
734 4174 768 4239 et
796 4187 864 4239 una
896 4163 1052 4269 plerique
1079 4165 1327 4248 recentiorum,
1359 4167 1454 4266 quod

417 4369 425 4407 ¹
448 4361 505 4428 Cic.
521 4361 621 4441 lead,
636 4362 670 4441 ll,
686 4383 712 4426 c.
728 4381 769 4430 u.
