3467 5492
834 611 1013 676 ...66-

394 790 448 854 est
465 801 531 876 quc
551 779 629 854 iiius
643 799 829 876 arguamus
848 788 949 876 sume
967 781 1042 858 fulsi
1063 783 1327 864 convincamus.
1348 787 1465 884 Neque

397 919 489 994 enim
502 921 654 1019 ejusdem
669 920 805 1018 generis
818 942 961 996 <sensim
975 923 1129 1022 ejsudem
1143 925 1465 1021 gmeriseiioseusu

345 1137 350 1146 ,
389 1059 548 1170 judicare
568 1069 638 1134 est:
670 1059 841 1158 equalem
864 1059 959 1134 euim
988 1060 1062 1136 rim‘
1089 1063 1218 1140 iubent
1245 1076 1288 1144 et·
1307 1068 1466 1146 eumdem

393 1210 573 1284 merentur
591 1200 710 1275 tidmu.
732 1203 804 1274 Nee
829 1199 890 1297 qui
904 1199 1030 1276 diversi
1054 1213 1108 1278 est
1133 1204 1284 1301 generis,
1305 1229 1389 1284 eum
1408 1207 1466 1304 qui

393 1341 517 1417 diversi
536 1363 555 1416 a
583 1364 621 1416 se
639 1340 774 1438 generis
792 1322 916 1424 seusus
935 1353 1004 1435 est,
1029 1347 1223 1421 examinare
1242 1346 1343 1438 mist,
1360 1368 1466 1443 quum

394 1483 536 1558 diversae
555 1481 604 1556 rei
627 1479 772 1580 quilibet
797 1504 920 1558 sensus
932 1481 1110 1581 eitjudex:
1128 1506 1199 1559 ucu
1216 1485 1310 1561 euim
1328 1485 1466 1562 ederem

392 1622 562 1723 judicabit
582 1625 776 1701 visus¹...,u

443 1764 529 1837 Eam
550 1762 656 1838 fuisse
669 1761 862 1846 doctrinam
877 1783 1101 1857 communem
1122 1764 1193 1841 iere
1209 1763 1369 1841 omnium
1386 1765 1466 1865 phi-

394 1901 639 1999 losopherum,
667 1899 718 1975 vel
745 1921 867 1975 eurum
892 1899 952 1998 qui
981 1903 1129 1977 maxime
1147 1914 1325 2001 suspectos
1346 1926 1468 1979 seusus

395 2040 559 2132 habuere,
584 2047 718 2115 constet
735 2061 775 2114 ex
792 2039 985 2116 innumeris
1001 2041 1220 2124 testimoniis.
1240 2043 1298 2118 Sic
1315 2042 1468 2142 Cyrenaei

395 2189 543 2275 negent,
573 2177 666 2276 apud
689 2174 865 2270 Tullium,
885 2201 995 2261 cesse
1007 2178 1191 2278 quidquam
1221 2183 1314 2280 quud
1339 2182 1470 2282 percipi

395 2283 501 2416 pessit
522 2313 748 2401 extrinsecum
776 2315 837 2392 sed
864 2337 904 2390 ea
919 2315 1055 2415 percipi
1069 2317 1287 2417 voluntque
1305 2329 1401 2396 tectu
1418 2321 1470 2393 iu·

394 2455 482 2529 timo
501 2452 706 2552 percipiunt,
729 2464 767 2528 ut
789 2452 944 2528 delorem
964 2464 1000 2529 et
1018 2454 1248 2554 voluptutem-3
1275 2481 1390 2555 neque
1414 2481 1467 2549 se,
1540 2556 1542 2559 Ι

396 2595 562 2696 qudquid
578 2593 703 2683 colore,
726 2605 785 2668 eut
796 2616 865 2691 que
882 2616 968 2668 seue
978 2595 1034 2686 sit,
1047 2596 1148 2690 scire,
1159 2597 1219 2673 sed
1232 2609 1367 2674 tantum
1388 2621 1468 2674 seu-

395 2738 459 2812 tire
485 2736 575 2814 effici
599 2756 637 2812 se
660 2735 810 2832 quodem
835 2733 1006 2810 m0d0².u
1037 2736 1095 2812 Sic
1120 2736 1353 2814 Clitomachus
1379 2739 1471 2835 aqud

395 2873 558 2956 eumdem
591 2872 751 2964 declarat,
784 2872 1006 2949 vehementer
1025 2896 1159 2966 errere,
1180 2880 1315 2972 eosqui
1339 2875 1467 2967 dicant,

389 3015 433 3090 eb
444 3011 658 3096 Academicis
675 3033 798 3086 seusus
815 3009 917 3109 eripi,
937 3035 984 3087 ra
998 3011 1123 3110 quibus
1139 3037 1320 3113 uuuqusm
1332 3014 1469 3090 dictum

396 3141 453 3230 sit,
470 3149 528 3217 aut
545 3137 718 3226 colorems
733 3146 793 3219 eut
810 3157 983 3235 superem
999 3149 1058 3220 eut
1076 3158 1202 3220 sunum
1218 3139 1354 3214 nullum
1374 3161 1470 3231 esse3

395 3278 479 3358 iilud
502 3276 547 3356 sit
572 3274 786 3374 disputatum
817 3298 890 3358 uun
915 3276 1084 3358 incussu
1111 3276 1472 3376 euprepiusque

393 3439 565 3515 nusquam
587 3413 668 3496 alihi
695 3426 798 3516 esset,
814 3414 885 3496 ucri
906 3426 941 3496 et
964 3414 1049 3497 certi
1066 3414 1338 3506 rummesie,
1360 3437 1471 3513 quum

394 3553 584 3654 Purhusis
619 3553 729 3652 ipsius
758 3552 1009 3636 iustitutionem
1039 3553 1163 3645 refert,
1193 3553 1322 3652 sepius
1352 3565 1472 3631 munet

395 3692 517 3776 sutus
536 3688 734 3789 cupidus
755 3691 950 3788 scepticum
968 3689 1115 3771 minime
1131 3713 1194 3781 ea,
1215 3714 1293 3788 quae
1313 3689 1472 3769 sensibus

397 3826 627 3922 octiduum·
645 3826 787 3918 tollere3
807 3849 971 3923 namque,
993 3826 1109 3920 nteit,
1131 3826 1307 3926 scepticus
1325 3827 1367 3902 iis
1393 3825 1471 3926 qui·
1495 3869 1498 3873 -

398 3966 479 4053 datu
495 3962 626 4062 suiuus
647 3987 709 4063 per
730 3963 882 4063 speciem
901 3963 1037 4062 cogitur
1061 3964 1164 4058 attici,
1176 3965 1379 4046 assentitur.
1412 3966 1471 4044 Sic

440 4198 448 4230 ¹
472 4191 553 4273 Diog.
568 4191 674 4264 caeru,
689 4187 720 4250 iu
732 4187 788 4250 vita
802 4187 896 4271 Epic„
911 4187 933 4249 Ι.
948 4188 985 4250 Χ.
1000 4189 1035 4250 V.
1051 4189 1083 4251 P.
1096 4187 1229 4251 Veientiae
1240 4189 1416 4252 Academica.

439 4307 451 4338 ¹
472 4298 532 4362 die.
549 4294 674 4372 Lucci„
690 4315 718 4358 c.
729 4315 812 4373 xxru,

437 4412 449 4453 ³
470 4405 560 4484 litd,
575 4423 606 4474 m
616 4419 716 4476 mm
