3467 5492
717 582 899 648 ..45-

272 779 395 832 sensus
428 755 646 856 pertineant,
675 779 693 830 a
721 755 970 833 communibus
998 757 1104 834 initiis
1133 757 1238 834 luisse
1264 781 1347 858 pro-

273 916 424 993 gressos.
448 872 531 971 Rati
546 894 678 971 scilicet
698 891 835 976 nonnisi
852 894 979 971 similia
999 920 1018 972 a
1036 895 1207 973 similibus
1228 897 1348 972 sentiri
1395 918 1399 928 ’

273 1058 396 1134 posse,
420 1034 593 1127 animam,
618 1034 673 1109 cni
696 1011 819 1110 natura
838 1058 981 1111 sensum
998 1035 1107 1128 dedit,
1123 1036 1296 1112 finxerunt
1309 1061 1350 1113 ex

272 1161 557 1250 diversisrerum
589 1174 770 1249 elementis
805 1185 1018 1251 concretam.
1049 1175 1228 1252 Elementa
1248 1200 1349 1270 vero,

272 1313 399 1413 quibus
420 1324 575 1404 constat,
595 1314 632 1387 hi
653 1335 796 1413 corpora
820 1337 917 1405 esse;
938 1314 1002 1407 illi,
1019 1311 1089 1390 non
1108 1338 1253 1414 corpora
1268 1344 1276 1409 ;
1293 1317 1350 1411 alii

119 1491 127 1510 ·
231 1533 232 1536 Ἴ
272 1475 357 1528 vero.
372 1452 475 1526 mixta
495 1463 528 1527 et
545 1452 685 1527 confusa
704 1452 854 1526 voluere.
877 1452 951 1525 Una
968 1451 1080 1544 enim,
1103 1475 1142 1527 ex
1151 1454 1348 1548 nonnullis,

273 1590 398 1667 animae
428 1590 556 1667 sullicit
581 1600 727 1664 natura:
749 1612 876 1687 nempe
895 1589 998 1686 ignis,
1034 1590 1062 1664 si
1081 1571 1300 1688 Democritus
1317 1604 1351 1667 et

272 1729 467 1805 Heraclitus
488 1728 673 1803 audiantur
685 1755 695 1819 ;
725 1750 811 1821 aqua
830 1749 926 1816 vero,
947 1726 977 1802 si
993 1726 1092 1801 Thali
1114 1739 1147 1802 et
1173 1727 1347 1827 Hipponi3
1525 1809 1528 1814 ,
1560 1792 1564 1799 .

158 1869 163 1878 ’
272 1891 331 1943 aer
352 1878 488 1959 contra,
520 1865 548 1940 si
568 1864 735 1963 Diogeni,
757 1876 790 1940 et
810 1867 974 1962 sanguis,
993 1863 1022 1938 si
1043 1863 1157 1940 Critiae
1175 1868 1347 1943 credatur.

271 2007 347 2081 lmo
363 2006 477 2081 anima
494 2028 533 2080 ex
552 2004 714 2079 omnibus
735 2004 916 2080 elementis
931 2002 1054 2094 oritur,
1072 2028 1112 2079 ex
1128 2005 1350 2103 Empedoclis

273 2146 456 2244 sententia,
475 2149 530 2220 oui
547 2145 577 2220 si
591 2145 675 2220 fides
690 2145 906 2243 adhibeatur,
928 2155 1088 2220 «terram
1103 2157 1208 2238 terra,
1225 2169 1350 2244 aquam

275 2308 374 2380 aqua,
399 2307 515 2358 aerem
535 2306 627 2372 aere,
649 2283 834 2381 ignemque
849 2283 942 2381 igne,
963 2295 1131 2359 utamore
1148 2296 1353 2359 amoremet

273 2423 362 2498 tristi
405 2421 577 2498 discordia
610 2420 818 2496 discordiam
862 2422 1148 2520 percipimus⁴.»
1180 2422 1352 2498 Eamdem

274 2559 396 2636 rursus
412 2583 451 2635 ex
468 2556 650 2634 contrariis
670 2557 848 2632 elementis
864 2557 1096 2657 compositam
1115 2559 1264 2634 docuere
1282 2560 1352 2654 Py-

275 2699 449 2798 thagorei,
480 2721 628 2797 quorum
650 2697 706 2773 alii
739 2697 905 2790 calidam,
935 2698 992 2772 alii
1011 2697 1189 2796 frigidam,
1218 2697 1255 2771 hi
1274 2721 1353 2772 vero

274 2862 474 2933 numerum,
498 2841 618 2939 illique
637 2851 845 2916 concentum
867 2835 943 2915 eam
965 2839 1120 2913 tenent².

323 2979 417 3054 ldem
446 2979 568 3055 exinde
596 2979 795 3055 Aristoteles
825 2978 996 3076 singulas,
1015 2999 1101 3074 quas
1124 2975 1199 3051 fuse
1225 2974 1350 3068 retulit,

281 3118 463 3218 opiniones
479 3119 598 3194 multis
619 3118 831 3217 argumentis
850 3127 1011 3205 evertere,
1035 3126 1069 3189 et
1084 3114 1301 3220 principium
1314 3137 1355 3190 ex

275 3282 344 3357 quo
358 3281 480 3334 omnes
492 3259 688 3358 pendentia
701 3280 769 3357 quo
782 3269 904 3355 peccel
913 3257 1095 3332 ostendere
1108 3255 1241 3331 nititur.
1251 3255 1354 3330 Nullo

275 3395 369 3470 enim
389 3397 492 3470 modo
513 3395 694 3494 profitetur
709 3394 785 3470 fieri
808 3416 918 3492 posse,
938 3404 977 3467 ut
997 3391 1122 3468 similia
1146 3415 1162 3466 a
1183 3391 1355 3466 similibus

275 3533 480 3624 sentiantur,
495 3532 561 3608 nisi
581 3546 694 3608 tamen
715 3533 871 3608 eomodo
887 3554 956 3630 quo
975 3532 1089 3609 simile
1109 3530 1214 3606 simili
1232 3529 1354 3604 nutriri

276 3669 417 3744 dicitur.
440 3669 616 3756 Quatenus
634 3671 727 3744 enim
744 3669 907 3766 coctione
929 3679 1025 3743 caret
1043 3667 1258 3758 alimentum,
1276 3688 1357 3740 con·

278 3807 424 3882 tranium
439 3808 612 3883 contrario
626 3808 745 3900 alitur;
767 3817 938 3906 quatenus
967 3827 1044 3881 vero
1063 3815 1267 3881 concoctum
1291 3814 1353 3893 est,

276 3945 396 4022 simile·
407 3946 511 4023 simili
530 3972 538 4018 :
556 3946 606 4021 sic
623 3945 704 4044 pani
733 3946 891 4022 nondum
921 3951 1129 4041 consumpto
1157 3941 1242 4017 nihil
1273 3962 1355 4018 cum

319 4231 329 4265 ¹
353 4231 507 4307 sseptlog„
522 4220 668 4297 l.l.c.u‚
684 4218 703 4299 8
717 4223 747 4281 6.

318 4338 330 4374 ¹
350 4331 438 4409 llio„
455 4329 475 4392 l.
490 4332 514 4407 l,
532 4328 741 4411 c.1r‚panim.
