3467 5492
741 605 910 682 473-

333 777 464 866 Quibus
478 782 520 880 de
539 782 667 874 causis,
689 785 772 882 quid
792 785 856 859 sibi
883 785 989 859 velint
1013 805 1135 861 omnes
1154 785 1228 878 isti,
1256 810 1363 884 quum

286 933 442 994 asserunt
457 921 547 994 inter
561 922 610 996 rei
628 934 776 998 extensae
794 922 948 1020 speciem
975 935 1010 999 et
1025 924 1137 1022 ipsam
1152 948 1225 1000 rem
1246 937 1364 1000 exten-

284 1080 359 1132 sam
372 1057 633 1134 similitudinem
646 1084 739 1148 esse,
761 1084 805 1135 ne
823 1061 968 1136 minime
985 1062 1126 1160 quidem
1143 1063 1264 1137 video:
1287 1086 1363 1161 spe-

280 1194 349 1270 eies
367 1195 461 1270 enim
476 1197 652 1293 quaelihet,
669 1198 840 1294 siquidem
856 1198 942 1272 nihil
956 1198 1050 1274 aliud
1064 1212 1127 1291 est,
1145 1201 1211 1275 nisi
1226 1201 1363 1276 animus

280 1345 449 1431 quatenus
464 1336 579 1427 sentit,
596 1337 755 1435 percipit,
775 1348 835 1411 aut
855 1338 1034 1426 meminit,
1060 1341 1162 1414 modo
1193 1342 1236 1417 ad
1256 1341 1362 1415 animi

279 1473 418 1548 alterius
438 1474 704 1549 similitudinem
727 1475 894 1550 accedere
927 1489 1060 1573 posset:
1084 1477 1119 1549 hi
1142 1501 1222 1553 vem
1250 1480 1362 1554 nullos

279 1612 413 1688 animes
436 1614 596 1689 tribuunt
615 1614 828 1712 cerporibus.

326 1755 425 1830 Errat
437 1755 542 1852 igitur
555 1757 583 1830 si
596 1757 674 1854 quis
690 1781 772 1832 cum
787 1759 1037 1834 recentioribus
1053 1771 1162 1858 putat,
1178 1783 1241 1834 ncs
1256 1782 1357 1858 posse

277 1893 458 1987 qualitates
473 1895 566 1994 ipsas
582 1897 763 1994 primarias
779 1899 975 1995 perspicere
988 1927 996 1990 ;
1010 1923 1075 1974 nec
1090 1900 1214 1974 melius
1225 1899 1359 1997 judicat

275 2031 434 2127 quicum
456 2033 639 2109 Aristotele
658 2035 830 2126 defendit,
847 2059 909 2109 ncs
936 2037 1076 2111 easdem
1097 2037 1237 2112 sentire.
1261 2036 1358 2112 Nihil

180 2267 182 2270 Ι
274 2174 368 2244 enim
382 2194 461 2247 vere
474 2174 657 2266 sentimus,
672 2174 739 2249 nisi
754 2176 887 2265 odores,
903 2197 1058 2273 saperes,
1076 2200 1193 2268 sones,
1208 2178 1353 2262 colores,

272 2309 413 2402 durum,
427 2333 600 2409 asperum,
618 2313 756 2404 laevum,
781 2313 961 2410 frigidum,
983 2326 1040 2389 aut
1053 2315 1216 2407 calidum,
1234 2329 1356 2392 muta-

271 2469 338 2546 que
358 2450 532 2542 animalia,
547 2473 624 2548 quae
645 2451 741 2525 nullo
756 2464 874 2526 tamen
888 2477 992 2530 sensu
1008 2467 1138 2546 carent,
1164 2455 1251 2528 nihil
1266 2458 1355 2531 ultra

271 2588 452 2687 percipere
477 2589 602 2662 valent.
638 2587 750 2663 Homo
781 2612 861 2664 vero
896 2589 1083 2687 ingenitam
1110 2590 1244 2687 sibique
1270 2615 1355 2690 pm-

269 2728 381 2824 priam
395 2728 534 2802 rationis
551 2726 620 2800 vim
634 2727 750 2819 habet,
769 2753 834 2825 qua
850 2729 1009 2820 docente,
1030 2733 1101 2804 imc
1115 2740 1275 2827 cogente,
1293 2731 1352 2806 ubi

266 2864 376 2957 videt,
393 2876 526 2963 gustat,
551 2865 729 2959 odoratur,
746 2867 841 2941 audit
866 2878 926 2940 aut
944 2867 1063 2964 tangit,
1088 2866 1248 2965 protinus
1267 2869 1352 2944 exis·
1428 2854 1432 2860 ⁵

267 3003 364 3079 limat
376 3016 409 3080 et
429 3027 492 3102 pru
514 3016 606 3079 certo
629 3014 733 3096 tenet,
755 3004 885 3101 aliquid
907 3005 1055 3080 exterius
1073 3029 1169 3098 esse,
1194 3007 1349 3106 sineque

268 3140 356 3213 nihil
374 3142 441 3216 tale
457 3141 595 3233 sentiat,
615 3140 776 3237 idemque
795 3140 926 3238 augeri,
940 3142 1064 3234 minui,
1086 3143 1188 3218 dividi
1207 3144 1259 3219 vel
1273 3168 1350 3219 me-

264 3276 346 3371 reri,
371 3277 509 3352 mutatis
530 3275 688 3352 sensibus
706 3301 793 3374 quos
812 3267 931 3353 elficit.

313 3415 418 3493 Nunc
435 3441 515 3494 veru
529 3423 588 3517 qui
607 3419 657 3494 sic
680 3417 869 3510 existimat,
890 3419 977 3492 nihil
994 3442 1070 3495 esse
1090 3420 1126 3493 in
1146 3421 1347 3519 cerporibus

261 3558 354 3653 quod
380 3556 485 3631 animi
515 3557 673 3632 contuitu
705 3558 844 3656 assequi
865 3556 1024 3654 claraque
1043 3569 1160 3634 mente
1181 3581 1344 3658 compre·

261 3693 414 3768 hendere
441 3695 632 3786 valeamus
665 3717 782 3770 nenne
814 3694 944 3769 sensim
968 3694 1169 3788 inducitur3
1198 3708 1253 3785 ut,
1283 3720 1345 3796 per

259 3835 415 3933 exempla
429 3833 598 3909 Berkeleii
616 3847 649 3909 et
665 3834 803 3910 Davidis
821 3834 939 3910 Hume
953 3849 1019 3928 eat,
1038 3859 1249 3934 omnemque
1269 3861 1344 3913 ccr-

256 3998 381 4074 pcmm
406 3973 619 4050 existentiam
637 3974 757 4048 tellat‘l
774 3970 916 4048 Minime
940 3975 1093 4072 quidem,
1114 3978 1340 4076 nequeenim

256 4113 379 4188 exinde
400 4113 554 4210 sequitur
574 4135 645 4186 non
665 4136 758 4203 esse,
786 4113 845 4188 sed
864 4112 999 4188 diverse
1021 4115 1157 4198 definiri
1176 4139 1335 4216 corpora.

258 4248 342 4334 Quae
360 4249 518 4346 quidem,
548 4273 587 4325 ex
606 4249 771 4340 Cartesic,
795 4249 863 4324 dici
885 4249 1012 4325 dehent
1041 4274 1098 4326 res
1123 4264 1281 4346 extensa3
1299 4279 1341 4331 ex

252 4383 461 4498 D7-Stewart
474 4397 507 4463 et
525 4387 731 4478 R.·Ccllard,
749 4409 804 4463 res
820 4398 958 4463 extensa
976 4397 1011 4462 et
1023 4388 1130 4466 solida
1143 4416 1152 4481 3
1167 4388 1337 4492 juxtaque

1214 4512 1233 4572 5
