3467 5492
830 553 875 565 ...
896 518 1007 583 60,-

364 649 547 765 'omnibus
573 690 794 782 communia;
829 690 956 766 etenim
981 701 1015 766 et
1045 690 1152 766 tactui
1179 699 1293 764 motus
1322 689 1461 787 quidem

386 829 557 922 sensibilis
574 840 673 905 estet
692 830 810 906 visui.»

386 1037 391 1044 .
436 971 485 1044 Ex
497 970 551 1046 his
566 971 838 1070 patetsensihilia
850 995 929 1070 quae
939 971 1067 1047 Noster
1083 969 1223 1070 propria
1240 968 1335 1058 dicit,
1351 987 1466 1044 unum

387 1120 420 1185 et
442 1109 534 1185 idern
552 1133 625 1187 esse
638 1122 739 1206 atque
754 1134 811 1186 eas
826 1111 1004 1208 qualitates
1018 1133 1095 1208 quae
1108 1135 1127 1186 a
1141 1108 1395 1184 recentioribus
1411 1129 1467 1183 se-

387 1248 562 1324 cundariae
575 1249 810 1339 nominantur,
824 1248 991 1323 nimirum
1001 1250 1150 1336 colores,
1165 1271 1306 1346 sapores
1317 1306 1327 1340 ,
1339 1270 1462 1340 sonos,

387 1389 522 1480 odores,
543 1389 670 1464 dorum
690 1410 730 1464 ae
747 1389 864 1480 molle,
886 1386 1069 1462 humidum
1087 1398 1121 1462 et
1138 1386 1287 1480 aridum,
1305 1387 1469 1484 frigidum

388 1539 421 1604 et
433 1528 599 1625 calidum;
617 1529 814 1627 pariterque
832 1527 1034 1604 communia
1051 1528 1230 1627 primariis
1246 1527 1470 1626 qualitatibus

387 1668 479 1743 haud
492 1668 603 1743 multo
620 1693 720 1744 secus
739 1670 956 1768 respondere.
976 1669 1048 1743 Nec
1066 1679 1182 1743 tamen
1196 1691 1305 1766 quum
1323 1667 1465 1742 adhibet

388 1807 525 1882 easdem
546 1807 722 1884 divisionis
740 1819 873 1907 partes,
893 1809 950 1884 ille
968 1809 1126 1883 eamdem
1144 1807 1297 1906 partium
1323 1806 1466 1882 distinc-

388 1946 517 2021 tionem
538 1970 611 2023 esse
628 1948 714 2040 vult,
736 1951 863 2046 quippe
880 1948 938 2046 qui
960 1946 1162 2022 communia
1188 1958 1222 2023 et
1240 1946 1461 2045 propriaeo-

389 2083 467 2158 dem
489 2085 591 2160 modo
612 2109 728 2184 perse
748 2059 865 2161 sentiri
878 2096 1029 2177 censeat,
1048 2108 1113 2161 nec
1131 2085 1281 2185 propriis
1295 2085 1467 2160 minorem

391 2225 598 2322 majoremre
622 2249 725 2323 quam
747 2226 993 2302 communibus
1016 2225 1145 2300 tribuat
1163 2224 1353 2300 veritatem.
1379 2222 1468 2296 lttud

391 2373 506 2438 autem
519 2363 727 2462 inpromptu
741 2375 792 2440 est
807 2363 1067 2462 cuiquelegenti
1083 2365 1198 2455 locum
1214 2368 1332 2461 inquo
1347 2387 1468 2461 supra-

390 2506 517 2581 dictam
537 2506 763 2596 sententiam,
788 2529 893 2605 quarn
916 2505 1039 2597 refert,
1073 2506 1231 2604 pluribus
1253 2504 1469 2604 argumentis

391 2644 594 2742 impugnare
614 2645 748 2720 nititur.

443 2811 459 2857 u
474 2786 561 2860 Sunt
581 2786 640 2884 qui
658 2788 797 2886 propria
812 2787 970 2884 redigant
987 2787 1029 2861 ad
1042 2787 1253 2879 communia,
1274 2785 1378 2862 sicuti
1395 2785 1471 2861 De-

391 2921 571 2997 mocritus
585 2925 617 2996 Is
633 2923 726 2998 enim
736 2923 921 2998 candorem
932 2922 1073 3020 quidem
1082 2923 1276 3013 laevitatem,
1290 2923 1468 3021 nigrorem

393 3082 472 3135 vero
488 3059 685 3136 scabritiem
701 3083 774 3136 esse
787 3060 938 3135 affirmat
954 3086 963 3148 ;
987 3083 1123 3159 sapores
1135 3071 1252 3136 autem
1269 3061 1390 3158 figuris
1407 3060 1469 3137 tri-

392 3197 481 3272 buit.
502 3197 607 3295 Atqui
633 3219 845 3295 cognoscere
865 3197 1067 3273 eommunia
1085 3207 1144 3273 aut
1165 3198 1209 3272 ad
1230 3198 1367 3274 nullum
1384 3222 1470 3274 sen-

396 3360 495 3428 sum,
512 3349 571 3412 aut
598 3338 641 3412 ad
657 3337 768 3414 visum
785 3337 901 3436 potius
931 3349 1075 3436 spectat.
1098 3337 1135 3412 Si
1159 3359 1241 3434 ergo
1262 3337 1304 3411 ad
1327 3348 1468 3437 gustum

339 3457 345 3466 ¹
395 3476 509 3574 potius
520 3488 713 3576 spectaret,
738 3501 846 3576 quum
865 3477 1073 3553 exactissimi
1086 3500 1206 3554 sensus
1217 3476 1261 3551 sit
1276 3477 1310 3550 in
1326 3476 1470 3574 singulis

394 3615 580 3713 generibus
593 3616 796 3692 tenuissima
811 3640 957 3716 quaeque
968 3615 1184 3706 discernere,
1200 3626 1375 3714 oporteret
1392 3637 1472 3690 sane

395 3763 532 3851 gustum
545 3776 652 3851 quum
671 3764 784 3830 cetera
803 3754 1004 3830 communia
1021 3753 1170 3828 maxime
1183 3752 1374 3851 percipere,
1398 3763 1472 3827 tum

395 3893 585 3989 figurarum
609 3891 778 3967 arbitrum
808 3915 883 3968 esse
916 3891 1268 3990 perspicacissimum.
1285 3921 1288 3926 ·
1303 3890 1358 3965 dd
1384 3890 1471 3985 haec,

396 4029 573 4106 sensibilia
601 4031 716 4106 omnia
739 4031 1017 4107 contrarietatem
1039 4031 1299 4122 continent,ut
1317 4028 1351 4102 in
1379 4031 1470 4104 coto-

397 4165 493 4243 ribus
513 4167 654 4264 quidem
671 4167 788 4244 album
807 4178 840 4243 et
853 4168 1007 4265 nigrum,
1026 4168 1061 4241 in
1078 4166 1260 4267 saporibus
1276 4188 1356 4275 tero
1371 4164 1471 4242 dulce

398 4321 432 4388 et
451 4331 629 4402 amarum;
649 4309 758 4410 figura
782 4331 862 4388 vero
880 4310 1002 4408 figurae
1020 4334 1090 4387 non
1117 4309 1251 4388 videtur
1273 4306 1471 4388 contraria:
