3467 5492
828 542 1002 611 46-

378 735 483 820 earne
503 710 662 794 animalis
689 731 878 794 commune
904 720 979 803 est,
1006 712 1104 810 panis
1125 734 1212 790 uere
1230 723 1458 812 consumptus

377 852 405 932 it
421 851 457 926 iu
475 873 616 933 caruem
634 848 739 955 inque
757 859 920 927 naturam
940 850 1055 928 earnis
1076 849 1255 929 vertitur¹.
1272 850 1362 930 Item
1380 852 1461 930 coeli

378 990 531 1074 tonantis
546 990 679 1093 fragor,
709 988 878 1086 quamdiu
903 1011 975 1066 non
992 989 1142 1087 'pereutit
1158 1012 1295 1084 eurem,
1325 990 1459 1070 nullam

380 1131 484 1209 refert
508 1129 776 1212 similitudinem
792 1128 945 1208 huminis
969 1133 1029 1231 qui
1055 1128 1175 1207 audire
1201 1140 1459 1231 potest2ueque

380 1268 474 1346 euim
494 1269 572 1349 auri
593 1267 875 1349 cummunicatur
890 1278 1009 1350 mutus
1026 1266 1115 1348 aeris
1132 1267 1277 1348 fulmine
1302 1268 1456 1372 impulsi,

378 1429 492 1506 nuque
512 1406 647 1485 auditus
663 1405 846 1506 proprium
868 1405 1011 1483 tonitrui
1026 1404 1180 1485 sonitum
1198 1405 1362 1518 percipit.
1388 1405 1461 1482 Sed

380 1545 490 1642 auris,
524 1544 585 1623 ubi
610 1566 689 1620 aere
714 1544 888 1642 quatitur,
915 1543 1061 1634 eodem„
1091 1567 1159 1642 qun
1186 1567 1246 1620 ner
1267 1519 1462 1647 ipsumque

379 1683 599 1776 tonitruum,
625 1693 721 1758 motu
748 1681 874 1773 cietur,
897 1681 1079 1781 animaque
1098 1680 1202 1757 simin
1220 1681 1334 1785 reipsa
1351 1682 1458 1773 audit,

381 1821 535 1922 dumque
559 1821 609 1896 sie
631 1819 719 1920 agit,
746 1842 816 1896 nou
841 1821 956 1920 ipsum
981 1819 1021 1893 lit
1052 1819 1260 1914 tonitruum,
1280 1821 1341 1899 sed
1362 1820 1461 1920 quasi

379 1960 550 2036 nonnulla
567 1958 711 2037 tonitrui
741 1959 840 2052 ratis,
858 1985 877 2032 s
893 1965 974 2061 λόγος
990 1995 1031 2048 τις
1043 1961 1103 2034 ³.»

428 2101 523 2178 lacet
540 2100 644 2200 igitur
663 2100 778 2177 omnis
803 2102 896 2177 ratio·
917 2124 1038 2178 eorum
1068 2099 1219 2202 quirem
1237 2099 1455 2194 sensibilem,

380 2205 565 2342 antequam
591 2244 769 2336 sentiatur,
792 2241 824 2316 ei
855 2241 915 2340 qui
932 2240 1039 2318 sentit
1068 2240 1218 2318 similem
1235 2263 1310 2318 esse
1324 2241 1459 2317 volunt,

382 2383 456 2460 Neu
474 2382 589 2466 miuus
610 2389 726 2462 noster
743 2380 890 2458 revincit
904 2381 1081 2474 eundem,
1101 2403 1210 2480 quum
1225 2380 1399 2479 redarguit
1418 2403 1460 2458 en

382 2545 461 2621 quae
477 2545 518 2600 ex
536 2520 701 2620 predicto
715 2520 889 2621 principio
908 2521 1007 2617 sequi
1022 2520 1182 2596 debeant.
1192 2521 1345 2614 Etenim,
1360 2520 1388 2596 si
1404 2543 1457 2596 re-

339 2717 341 2722 .
382 2682 461 2739 vera
478 2659 703 2742 sentientura
718 2659 892 2738 similibus
911 2659 1052 2751 similia,
1073 2659 1126 2734 vel
1144 2659 1289 2758 singulae
1302 2659 1459 2760 eorporis

382 2800 492 2876 nostri
509 2811 624 2899 partes
643 2799 770 2880 sentire
791 2799 919 2876 dehent
934 2825 941 2873 :
956 2811 991 2876 et
1006 2821 1088 2876 vero
1109 2800 1175 2876 tori
1205 2824 1351 2900 caroque
1367 2825 1457 2880 ossae

382 2963 449 3039 que
478 2937 574 3014 umni
603 2961 708 3015 seusu
737 2948 866 3020 carent.
895 2937 970 3013 lmu
1001 2960 1141 3016 neeesse
1167 2937 1234 3014 erit
1250 2939 1457 3016 animantem

383 3101 462 3166 esse
492 3076 680 3176 quamlibet
700 3086 885 3166 naturam,
913 3101 1003 3175 quae,
1025 3101 1133 3176 quum
1151 3101 1192 3154 ex
1212 3100 1294 3173 unu,
1310 3079 1457 3178 velplu·

382 3216 492 3308 rihus,
512 3215 565 3290 vel
592 3212 725 3293 eunetis
745 3213 925 3297 elementis
939 3224 1087 3307 constet,
1115 3217 1318 3308 nunetensi
1344 3217 1458 3316 plura,

382 3355 433 3429 vel
450 3354 569 3430 saltem
582 3375 692 3428 unum
704 3351 840 3430 sentiet.
856 3353 1015 3428 Jamvero
1029 3376 1107 3450 quae
1120 3352 1310 3452 gignuntur
1324 3377 1345 3430 e
1358 3368 1459 3446 terra,

384 3517 462 3592 quae
495 3515 596 3571 causa
623 3492 667 3568 sit
696 3514 758 3570 nur
788 3490 863 3568 siue
894 3513 1001 3568 sensu
1022 3490 1180 3589 vigeant?
1204 3491 1368 3591 Insuper,
1397 3494 1460 3571 etsi

383 3631 499 3714 anima
516 3629 620 3708 sentit
644 3630 776 3728 singula
801 3654 920 3712 rerum
940 3630 1130 3724 elementa,
1152 3643 1187 3708 at
1206 3641 1317 3709 totum
1342 3631 1459 3730 ipsum

383 3792 534 3868 qunuaru
552 3771 662 3847 modu¹
677 3770 815 3863 sentiet,
838 3771 973 3870 utquid
998 3771 1044 3846 sit
1062 3770 1176 3861 Deus,
1197 3770 1251 3844 vel
1269 3771 1388 3862 homo,
1406 3769 1460 3844 vel

384 3933 474 4004 caru,
490 3910 542 3984 uel
556 3932 593 3986 us
611 3919 644 3986 et
656 3909 823 4008 quidquid
842 3910 947 3988 simili
962 3909 1096 3990 ratione
1108 3909 1350 3988 cumtituitur‘l
1363 3907 1459 3987 Nihil

425 4219 433 4252 ¹
458 4225 517 4299 Περὶ
533 4220 614 4296 tux„
632 4212 834 4297 l.ll,e.1v,§
852 4219 900 4278 ll.

424 4329 435 4366 ⁸
457 4334 518 4410 Περὶ
531 4330 611 4406 iux„
627 4321 648 4386 l.
663 4322 700 4401 ll,
718 4343 745 4386 u.
762 4342 818 4403 111,
831 4324 849 4406 S
863 4327 895 4388 2.
