3467 5492
816 566 991 632 ...30-

371 713 489 825 rumpi
501 736 534 802 el
554 726 869 824 depravari-quum
884 722 1073 822 contra-qui
1088 723 1137 799 sic
1152 747 1170 798 a
1184 745 1278 798 mera
1297 724 1445 826 potentia

371 867 414 941 ad
444 867 607 942 ellectum
632 863 835 954 adducitur,
865 871 1030 960 augeatur
1055 861 1170 959 polius
1192 874 1226 938 et
1255 862 1290 936 in
1325 863 1449 940 melius
1498 951 1501 956 ,

368 1006 547 1080 mutetur¹.
657 1015 661 1026 '
1070 1078 1074 1085 .

416 1141 487 1232 Sic,
498 1141 534 1215 in
547 1140 765 1216 Aristotelicas
775 1140 947 1229 doctrina,
966 1161 1107 1214 omnem
1125 1161 1265 1214 sensum
1280 1162 1318 1214 ex
1332 1151 1447 1219 motus

369 1282 557 1360 ctallectus
575 1279 823 1371 convenientia,
852 1279 920 1354 hoc
945 1287 1010 1369 est,
1033 1301 1073 1353 ex
1101 1301 1272 1353 concursu
1291 1279 1446 1377 corporis

365 1421 506 1520 impulsi
533 1432 567 1496 et
595 1420 721 1495 animae
749 1416 979 1517 percipientis
1004 1416 1098 1508 oriri,
1121 1438 1183 1515 pro
1202 1426 1297 1492 certo
1321 1440 1444 1493 censeo

366 1561 578 1652 habendum,
596 1582 660 1633 nec
673 1558 792 1634 dubito
813 1557 897 1657 quin
918 1557 953 1631 id
971 1579 1012 1631 eu
1026 1557 1173 1654 hujusce
1188 1555 1443 1654 disceptationis

364 1700 576 1798 summajam
590 1700 671 1774 satis
682 1711 856 1798 appareat.
872 1699 938 1774 Sed
946 1721 1013 1773 non
1025 1699 1133 1776 semel
1142 1696 1439 1796 ipsenristoreles,

363 1839 447 1914 dum
459 1850 590 1914 motum
606 1839 805 1913 etaffectum
822 1861 892 1913 uno
907 1837 1048 1912 nomine
1064 1836 1287 1927 sensusdicit,
1303 1847 1442 1928 αἴσθησις,

286 1974 291 1985 ’
362 1978 539 2076 praelatam
563 1977 826 2053 distinctionem
849 1976 1443 2068 obliviscividetur,ctrebusallert

363 2115 623 2207 obscuritatem,
644 2138 712 2210 qua
727 2117 867 2214 juvante
882 2128 950 2192 tota
967 2115 1076 2216 ipsius
1090 2116 1175 2190 ratio
1193 2125 1311 2214 postea
1328 2116 1370 2192 ab
1384 2097 1440 2190 inss

362 2254 571 2352 terprelibus
592 2254 627 2327 in
645 2254 797 2329 deterius
813 2255 1010 2352 detorqueri
1023 2255 1147 2353 poluit.
1168 2254 1241 2330 Neo
1259 2249 1437 2345 satisscio',

363 2404 478 2467 utrum
507 2392 591 2467 adeo
624 2393 787 2491 perplexe
812 2395 951 2469 locutus
975 2393 1085 2468 suerit
1103 2405 1243 2492 propter
1272 2394 1440 2470 sermonis

361 2545 566 2630 egestatem,
585 2556 628 2607 an
643 2532 760 2607 minus
775 2531 979 2608 intellexerit
989 2556 1111 2608 rerum
1136 2557 1212 2632 quae
1229 2533 1294 2609 sub
1321 2557 1439 2610 sensus

359 2671 486 2747 cadunt
511 2670 669 2745 notitiam
700 2683 734 2745 et
754 2669 860 2745 animi
878 2660 1032 2770 seipsum
1062 2671 1330 2771 introspicientis
1354 2696 1439 2748 con-

358 2809 535 2886 scientiam
553 2787 655 2908 longo
673 2810 740 2884 alio
755 2809 859 2884 modo
879 2810 1046 2902 obtineri3
1067 2833 1167 2900 nam,
1188 2811 1271 2886 dum
1289 2811 1436 2888 nimium

319 2977 320 2982 ¹
357 2949 502 3026 attendit
515 2948 556 3023 ad
577 2949 732 3047 corporis
747 2947 942 3046 animaeque
963 2959 1185 3042 concentum,
1201 2950 1236 3024 in
1257 2951 1321 3024 levi
1335 2953 1438 3028 habet

355 3111 420 3162 noc
431 3087 601 3162 subtiliter
614 3085 754 3184 dispicit
765 3096 880 3183 partes
892 3084 1018 3183 quibus
1031 3088 1341 3186 constatquidquid
1357 3113 1435 3188 per·

354 3227 439 3302 tinet
452 3226 495 3301 ad
516 3225 689 3323 duplicem
711 3224 864 3298 bomin-is
880 3236 1047 3298 naturam.

403 3362 494 3448 Quid
512 3362 605 3436 enim
627 3361 690 3436 sibi
715 3361 796 3435 velit
819 3360 927 3450 idem,
954 3384 1060 3457 quum
1078 3363 1271 3461 profitetur,
1295 3388 1434 3442 sensum

352 3502 385 3576 id
407 3525 484 3576 esse
514 3470 612 3599 quod
631 3523 749 3575 rerum
779 3499 1010 3577 sensibilium
1028 3500 1155 3575 formas
1188 3501 1262 3577 sine
1291 3505 1432 3579 materia

272 3644 275 3649 ’
351 3640 529 3738 suscipere
546 3648 679 3736 potest3
708 3659 848 3737 nempe,
872 3648 910 3711 ut
927 3636 1050 3711 annuli
1074 3638 1227 3736 signum,
1242 3638 1321 3728 sine
1340 3642 1432 3717 lerro

350 3792 407 3853 aut
429 3801 513 3852 auro
542 3801 610 3875 quo
628 3777 778 3850 annulus
807 3785 955 3864 constat,
983 3776 1130 3874 suscipit
1148 3798 1238 3870 cera,
1256 3778 1305 3854 sic
1330 3779 1429 3856 abeo

351 3917 442 4014 quod
457 3916 621 4006 colorem,
638 3926 697 3990 aut
709 3937 887 4013 saporem,
908 3925 969 3991 aut
982 3938 1106 3992 sonum
1120 3914 1240 4006 habel,
1257 3941 1429 4018 quemque

350 4077 493 4130 sensum
513 4053 620 4153 pati².

391 4250 399 4284 ¹
422 4253 481 4327 Περὶ
495 4250 575 4325 dux„
591 4242 612 4304 l.
628 4242 665 4318 11,
679 4262 706 4305 c.
721 4262 756 4318 n,
769 4244 788 4324 g
800 4244 830 4304 ll.

389 4359 400 4396 ¹
421 4360 553 4420 «Καθόλου
566 4356 594 4416 δὲ
606 4361 664 4437 arpi
677 4360 760 4423 πάσης
770 4361 905 4425 αἰσθήσεως
921 4356 959 4418 δεῖ
970 4360 1052 4419 ludria
1065 4360 1105 4420 ὅτι
1121 4363 1192 4439 ἡμίν
1206 4359 1317 4427 αἴσθησίς
1327 4363 1382 4420 ἔστι
1395 4367 1425 4422 τὸ
