3467 5492
744 639 921 704 ...29-

298 827 317 877 a
338 793 498 895 corporet
516 800 552 872 in
574 797 813 874 recordatione
832 823 923 892 vero,
945 801 1058 877 anima
1085 805 1129 878 ad
1151 816 1266 881 motus
1294 830 1371 883 cor-

299 963 440 1040 poreos,
459 962 521 1014 seu
539 938 674 1035 vestigia
703 939 737 1014 in
757 963 923 1016 sensuum
941 942 1180 1022 instrumentis
1203 946 1372 1045 impressa

300 1081 389 1156 ultro
410 1079 587 1178 respicit⁴.
607 1079 680 1155 lrno
698 1079 835 1155 nonnisi
850 1080 1050 1180 improprie,
1064 1087 1091 1157 si
1109 1084 1268 1159 audiatur
1283 1084 1374 1161 Aris·

300 1219 433 1309 toteles,
451 1217 602 1292 animam
617 1216 745 1291 sentire
759 1215 920 1294 dicimus.
940 1218 1083 1296 «Dicere
1096 1221 1248 1295 animam
1258 1222 1371 1315 irasci,

301 1354 413 1429 simile
434 1364 486 1431 est
503 1367 604 1451 atque
619 1353 646 1428 si
657 1353 826 1451 quispiam
837 1354 987 1428 animam
1005 1369 1117 1431 texere
1131 1359 1180 1432 vel
1202 1359 1373 1434 aedificare

300 1493 400 1584 dicat;
413 1516 492 1566 nam
505 1491 629 1567 melius
644 1503 695 1566 est
708 1491 836 1584 dicere,
853 1514 923 1565 non
937 1492 1103 1588 animam,
1116 1496 1177 1569 sed
1195 1496 1373 1571 hominem

300 1632 415 1707 anima
432 1627 649 1704 miserenti
663 1627 811 1726 Ideoque
827 1650 970 1707 sensum
989 1653 1100 1727 neque
1112 1633 1246 1728 corpori
1263 1654 1375 1730 neque

300 1770 424 1845 animae
451 1767 645 1866 proprium,-
676 1770 733 1843 sed
765 1790 840 1841 rem
872 1766 1266 1866 utriquecommunem
1301 1792 1375 1845 esse

301 1916 418 1980 censet
431 1909 458 1978 ³.

351 2045 467 2131 Quum
486 2041 591 2139 igitur
605 2041 710 2115 sentit
729 2041 846 2132 homo,
865 2043 948 2140 quid
968 2047 1002 2115 in
1019 2023 1060 2117 eo
1075 2044 1321 2118 fiat‘lMovetur
1341 2055 1378 2120 et

301 2186 441 2284 patitur.
464 2183 660 2277 Nimirum,
696 2183 789 2280 quod
809 2186 850 2259 ad
872 2206 998 2282 corpus
1024 2193 1165 2280 spectat,
1197 2194 1374 2271 moretum
1441 2280 1446 2288 ι

301 2326 391 2423 quod
413 2346 491 2399 vero
513 2323 555 2398 ad
572 2323 736 2414 animam,
757 2323 901 2420 patitur.
917 2324 990 2398 Nec
1005 2322 1134 2396 moveri
1152 2333 1186 2396 et
1207 2323 1292 2420 pati,
1313 2323 1377 2398 etsi

301 2464 337 2537 in
358 2463 476 2561 coqui
498 2462 610 2552 sentit,
627 2461 854 2537 indissolubili
872 2474 1059 2537 nectuntur
1080 2463 1190 2553 nodo,
1213 2484 1322 2535 unum
1344 2473 1379 2536 et

303 2605 397 2678 idem
415 2613 507 2677 sunt.
523 2602 598 2676 Hoc
616 2601 708 2676 enim
725 2601 814 2675 inter
833 2625 886 2675 res
902 2625 978 2698 qnae
994 2601 1107 2675 anima
1127 2613 1246 2676 carent
1260 2613 1292 2675 et
1308 2601 1379 2675 ani-

303 2739 431 2814 mantia
450 2739 564 2814 omnia
584 2739 757 2837 praecipue
773 2739 928 2829 interest,
946 2739 1036 2835 quod
1056 2739 1122 2813 illae
1138 2738 1277 2835 quidem
1296 2761 1377 2812 mu·
1441 2759 1444 2770 ·

303 2859 419 2954 tantur
437 2879 567 2966 insciae,
591 2879 666 2952 haec
688 2901 781 2967 vero,
803 2883 937 2974 quoties
958 2889 1147 2971 mutantur,
1172 2877 1325 2952 sentiunt
1342 2901 1379 2952 se

304 3019 443 3108 mutari,
470 3031 617 3113 suntque
646 3017 742 3092 ineo
775 3016 923 3092 maxime
955 3017 1047 3115 quod
1075 3020 1201 3091 sentire
1231 3040 1267 3092 se
1298 3041 1378 3092 sen-

305 3157 658 3255 tiunt‘.Motusigitur
669 3157 755 3230 nihil
771 3168 834 3245 est,
851 3156 917 3231 nisi
929 3179 1180 3230 concussarum
1191 3155 1380 3254 incorpore
1487 3158 1490 3164 ’

306 3267 456 3394 partium
476 3296 668 3372 translatio.
690 3295 763 3370 Pati
792 3307 908 3369 autem
937 3295 1105 3392 significat
1133 3294 1243 3370 varios
1274 3293 1380 3369 animi

306 3436 469 3528 allectus,
490 3458 577 3532 quos
602 3435 744 3533 quisque
768 3447 925 3509 nostrum
942 3435 977 3508 in
997 3459 1032 3510 se
1057 3434 1230 3533 experitur
1247 3445 1281 3508 et
1309 3425 1381 3508 solo

309 3575 530 3650 conscientiae
549 3575 748 3649 testimonio
763 3559 885 3662 notat,
909 3574 1192 3672 quotiescumque
1212 3573 1307 3647 audit
1324 3583 1384 3645 aut

308 3714 398 3788 videt
420 3725 478 3788 aut
498 3713 597 3788 aliter
616 3712 739 3799 sentit;
762 3711 879 3809 sicque
898 3711 966 3810 pati
981 3734 1048 3785 non
1064 3711 1153 3785 idem
1169 3721 1220 3786 est
1235 3734 1275 3786 ac
1301 3733 1382 3784 cor·
1475 3747 1477 3751 ·

351 4013 360 4046 ¹
384 4015 442 4088 Περὶ
456 4014 537 4085 ltux„
553 4004 574 4066 Ι.
588 4006 611 4066 l.
624 4024 650 4068 θ.
665 4024 706 4081 lv,
722 4006 741 4087 S
756 4007 805 4066 12.

349 4118 361 4151 ¹
383 4112 741 4196 lbid.,l.l,o.1v‚§l2.

351 4227 362 4258 ³
383 4230 443 4305 Περὶ
455 4227 532 4285 ὕπνου
540 4267 550 4297 ,
565 4220 588 4282 l.
602 4222 626 4298 l,
643 4242 669 4286 c.
683 4243 705 4285 l.

353 4335 363 4368 ⁴
386 4341 474 4425 prora,
490 4340 598 4413 (εἰκρορι.ι
610 4326 632 4389 l.
647 4329 709 4407 Vll,
725 4331 756 4391 ἓ.
