3467 5492
707 597 900 667 -bb‘i-

268 770 433 868 temporis
454 769 587 869 'physici
616 770 707 844 idern
741 769 895 845 sentiunt
914 780 1017 866 etque
1037 770 1250 848 insuetus
1273 769 1344 872 Ipsi

267 909 440 985 enimnon
455 908 774 1007 monumemtum,
790 909 850 983 sed
861 931 900 982 re
915 909 1059 983 solerter
1067 910 1227 1007 probent,
1238 933 1344 988 omne

264 1070 377 1145 genus·
392 1049 594 1144 qualitatem
615 1050 652 1123 in
672 1048 878 1148 corporibus
895 1049 937 1123 ud
954 1062 1069 1124 motus
1091 1022 1342 1126 diversissimos
1376 1034 1379 1038 ⁴

263 1187 404 1281 referri,
427 1201 622 1288 proeterque
652 1189 798 1266 eiiectus
816 1188 923 1263 enimi
938 1188 1130 1280 sentientis,
1146 1189 1238 1263 nihil
1267 1213 1342 1264 esse

260 1349 377 1426 sonos,
404 1330 549 1423 colores,
566 1331 705 1420 odores,
726 1329 878 1404 ceiidem
892 1341 925 1404 et
942 1330 1115 1428 sapidum,
1136 1329 1204 1405 nisi
1222 1338 1342 1405 rerum

259 1480 352 1548 etim
387 1471 579 1568 positurum
605 1483 665 1546 eut
695 1471 1007 1546 instrumentorum
1031 1470 1243 1546 vitoruniium.
1269 1471 1340 1545 im-

259 1608 402 1704 peisuss
421 1609 466 1684 ite
482 1619 532 1700 ut,
555 1609 698 1684 sublatis
718 1609 760 1682 iis
786 1609 917 1704 ouibm·
934 1620 1056 1684 nature
1070 1631 1211 1685 sensum
1232 1608 1338 1705 dedit,

259 1749 345 1822 nihii
358 1750 431 1847 jum
450 1753 599 1848 supersit
615 1750 654 1823 in·
672 1761 794 1825 netum
810 1763 943 1839 rerum,
966 1749 1033 1823 nisi
1047 1759 1163 1824 motus
1179 1749 1277 1823 surii.

309 1888 381 1962 Hes
409 1899 526 1964 eutem
554 1901 671 1964 motus
694 1889 788 1987 ipsos
801 1889 886 1986 jure
912 1886 1113 1985 pronuntiet
1141 1885 1342 1965 Aristoteles

260 2026 360 2100 nobis
378 2026 595 2102 innotescero
608 2049 677 2101 non
698 2046 816 2124 posse,
837 2024 923 2124 quin
941 2036 1039 2122 aptos
1055 2023 1274 2122 experiamur
1287 2027 1340 2100 ei·
1358 2018 1361 2027 ’

260 2165 395 2241 iectus:
418 2165 636 2264 quiquidem
658 2167 789 2240 nulium
810 2145 1077 2240 similitudinem
1097 2173 1257 2240 motuum
1279 2188 1342 2263 per

261 2329 297 2380 se
319 2305 485 2404 prebent,
504 2329 571 2380 nec
591 2318 708 2380 temen
725 2327 801 2380 esse
823 2316 980 2402 possunt,
999 2304 1065 2380 nisi
1085 2305 1161 2379 dete
1179 2315 1343 2380 motuum

260 2443 468 2534 oeeesione;
503 2443 573 2518 imo
593 2442 735 2517 mutetis
760 2441 914 2516 motibus
937 2453 1113 2516 mutentur
1142 2452 1177 2516 et
1198 2442 1342 2518 interci-

262 2583 423 2659 dentibus
447 2581 673 2656 intercidunt.
703 2581 751 2656 lte
788 2582 932 2656 demum
963 2581 1175 2678 judicemus,
1208 2584 1341 2680 quoties

261 2724 450 2816 sentimus,
472 2723 623 2816 effectui,
647 2722 748 2821 cujus
766 2739 888 2797 sumus
904 2723 1049 2814 oonsoii,
1062 2733 1199 2798 motum
1217 2742 1342 2820 qnem-

262 2867 340 2940 dem
363 2864 586 2964 respondere,
609 2886 722 2962 neque
742 2872 875 2937 motum
895 2884 974 2936 esse
988 2861 1063 2937 sine
1083 2885 1123 2938 eo
1145 2863 1238 2960 quod
1261 2885 1340 2938 mo-

259 3015 532 3100 recentemque
559 3013 651 3082 extra
672 3001 846 3077 exsistere.
869 2999 1182 3079 Necsoiumrnodo
1207 3026 1248 3078 co
1265 3005 1341 3102 ipso
1393 3101 1400 3115 ¹

260 3155 420 3240 tempore
451 3164 520 3238 quo
551 3156 630 3216 vere
661 3139 896 3240 percipimur,
926 3150 1144 3238 compertum
1173 3141 1344 3231 hebernus
1406 3129 1412 3141 ’

262 3284 423 3382 quedam
457 3283 736 3382 corporareipsa
765 3280 927 3359 sensibus
960 3280 1107 3378 subjici,
1132 3281 1192 3367 sed
1213 3282 1340 3376 adhue,

262 3421 422 3500 sensibus
443 3421 566 3499 iisdem
587 3420 766 3518 preclusis
794 3430 827 3493 et
852 3419 1046 3510 silentibus,
1067 3442 1129 3516 pro
1150 3441 1220 3494 non
1235 3418 1341 3497 dubio

263 3562 436 3644 sumimus
455 3561 577 3642 eedem
599 3559 811 3636 extrinsecus
832 3581 908 3634 esse
930 3568 964 3633 et
978 3579 1076 3656 posse
1094 3558 1234 3656 percipi.
1250 3558 1341 3644 Quin

262 3699 380 3787 etiarn,
404 3721 511 3796 quum
529 3697 672 3775 alieuius
688 3696 773 3772 elios
791 3717 830 3770 ex
845 3694 921 3770 eliis
942 3694 1047 3785 oriri,
1063 3697 1232 3770 alternare
1251 3695 1342 3772 vices

263 3838 493 3936 ordinemque
515 3837 676 3917 eumdem
692 3859 827 3912 ser-uere
841 3839 942 3932 longo
957 3858 1022 3912 usu
1045 3856 1168 3910 sumus
1185 3834 1339 3932 experti,

265 3975 360 4050 omni
386 3975 453 4051 fide
475 3975 575 4050 nobis
601 3975 729 4049 inferre
744 3973 837 4064 iicet,
856 3995 976 4047 rerum
990 3983 1148 4050 naturam
1171 3971 1341 4047 conditio-

264 4114 369 4191 nibus
383 4113 454 4190 suis
464 4113 627 4210 adstringi
641 4113 864 4210 quequejnm
874 4120 1186 4195 evenereeventure
1201 4111 1339 4202 iterum,

264 4271 379 4348 neque
401 4273 440 4326 ex
462 4249 562 4327 nohis
588 4273 625 4326 ee
652 4271 729 4346 quee
752 4261 846 4342 sunt,
876 4249 935 4325 sed
966 4248 1120 4346 potiuse
1149 4249 1253 4324 rebus
1279 4272 1341 4325 nos

265 4394 430 4492 pendere.
