3467 5492
813 527 988 592 ..uu-

362 683 472 782 qualis
501 706 558 774 nes
581 706 657 782 quae
677 681 854 782 -tengitur3
879 683 1006 759 sentire
1028 703 1153 782 nempe
1177 683 1247 782 peti
1276 681 1439 781 quiddam

363 833 437 915 est;
452 847 555 922 quere
571 823 605 898 id
619 823 712 922 quod
729 845 785 899 res
798 824 884 900 teles
899 823 1014 915 elficit,
1034 824 1135 922 quale
1152 823 1266 921 ipsum
1280 833 1334 908 est
1345 832 1438 911 netu,

363 964 429 1048 tale
450 962 534 1053 illud
562 935 692 1053 reddit,
715 983 823 1059 quum
852 970 951 1039 antee
979 959 1081 1039 tuerit
1105 960 1323 1059 inpotentia.
1350 960 1442 1049 ,0υο-

365 1101 454 1186 eineu
476 1123 572 1199 aeque
589 1099 737 1192 calidum
753 1123 793 1179 ae
811 1099 973 1198 trigidum
992 1110 1027 1179 et
1044 1099 1226 1177 durumne
1246 1099 1353 1189 melle
1373 1122 1442 1186 nun

365 1241 547 1337 sentimus,
568 1239 628 1324 sed
646 1239 679 1312 id
695 1238 787 1339 qued
810 1249 1003 1338 exsuperat,
1025 1237 1102 1336 quia
1125 1262 1249 1318 sensus
1271 1252 1324 1316 est
1347 1235 1443 1336 quusi

364 1377 489 1469 modus
511 1376 748 1480 oppositorum
771 1369 905 1474 quee'in
929 1376 1149 1476 sensibilibus
1177 1375 1295 1454 insunt
1317 1402 1324 1448 :
1345 1387 1446 1473 etque

365 1527 505 1628 prepter
525 1517 592 1600 hoe
616 1517 787 1592 sensibilia
820 1516 1009 1609 discernit3
1036 1541 1115 1598 nem
1136 1517 1291 1595 medium
1312 1516 1446 1592 disner-

364 1656 468 1753 nendi
482 1656 512 1729 vi
527 1657 654 1754 pellet:
670 1657 708 1742 fit
719 1655 811 1740 enim
823 1656 865 1738 nd
875 1667 1062 1760 utrumqne
1077 1655 1444 1757 ipsorumnltenutnuut

365 1805 570 1886 extremum,
585 1803 736 1900 aequent
753 1793 787 1888 id
804 1794 896 1891 qued
911 1793 1029 1871 album
1043 1793 1250 1892 nigrumque
1264 1804 1446 1892 pereeptu-

365 1955 442 2030 rum
467 1943 519 2007 est
536 1956 653 2020 sensu,
677 1944 841 2020 neutrum
863 1932 1020 2032 ipsorum
1038 1944 1131 2019 netu,
1152 1934 1213 2011 sed
1234 1933 1388 2032 petentia
1404 1933 1449 2017 sit

366 2080 553 2171 utrumque
576 2083 721 2172 oportet,
749 2071 799 2147 sie
822 2083 854 2147 et
872 2072 908 2156 in
926 2072 1052 2151 ceteris
1078 2072 1267 2173 itidemque
1294 2077 1329 2149 in
1354 2083 1445 2154 netu

370 2230 480 2306 neque
495 2180 656 2298 calidum,
678 2232 790 2308 neque
807 2209 974 2311 frigidum
988 2212 1042 2283 Κ»

417 2349 460 2421 Ηί
474 2347 612 2445 quidem
628 2347 694 2458 loei
708 2321 761 2433 vix
775 2347 880 2425 notati
895 2348 938 2424 ab
953 2347 1211 2451 interpretibus,
1231 2349 1336 2439 modu
1352 2361 1446 2429 reete

285 2563 292 2574 ,
368 2485 615 2584 intelligantur,
636 2489 798 2576 multum,
819 2457 885 2573 nisi
902 2488 1009 2576 fallor,
1024 2487 1066 2565 ad
1080 2486 1307 2590 praeeipuam,
1324 2491 1368 2569 de
1381 2513 1449 2587 que

368 2626 424 2720 bio
445 2631 621 2726 quaeritur,
640 2626 782 2714 rationis
799 2625 1028 2713 Aristotelicae
1042 2636 1176 2734 pentem
1197 2627 1448 2726 explanandam

370 2767 526 2863 conterre
543 2767 668 2848 valent,
681 2764 843 2868 Sequitur
857 2764 951 2846 enim
965 2787 1005 2843 ex
1017 2764 1128 2842 allatis
1141 2765 1266 2859 uerbis,
1282 2767 1449 2858 animam,

369 2928 457 3006 quae.
476 2905 645 2988 sentiendi
675 2904 871 2994 facultatem
891 2903 995 2979 habet
1021 2927 1040 2992 u
1062 2877 1200 2995 netnnn,
1224 2903 1337 3002 reipsa
1364 2928 1447 2984 sen-

289 3085 292 3092 ·
371 3043 435 3117 tire
454 3067 524 3119 non
542 3065 652 3143 posse,
675 3041 739 3116 nisi
758 3041 905 3146 propriis
923 3040 1089 3122 inhaereat
1103 3041 1260 3139 conponis
1278 3043 1447 3142 pastibus,

372 3181 497 3283 quibus
516 3191 633 3256 utatur
650 3181 750 3256 veluti
772 3180 859 3290 aptis
883 3179 925 3254 ed
950 3151 1169 3269 sentiendum
1193 3180 1446 3276 instrumentis,

373 3343 443 3418 non
464 3343 621 3397 secusne
649 3297 774 3419 fidibus
795 3317 1025 3410 eitbareedus;
1055 3319 1091 3419 iu
1113 3342 1153 3397 eo
1177 3332 1292 3422 eutetn
1321 3345 1448 3421 eorpus

375 3461 566 3552 humanum
590 3484 608 3554 e
635 3460 761 3554 fidibus
783 3458 942 3549 differre,
965 3459 1056 3575 qued
1075 3459 1223 3563 cheseles
1236 3460 1358 3549 fidium
1375 3461 1450 3560 ipse

375 3602 600 3692 citheraeduS,
622 3622 692 3675 nnn
713 3620 794 3674 veno
813 3601 968 3698 corperis
992 3621 1116 3688 nervos
1136 3597 1250 3699 anime
1268 3598 1449 3699 impellat:

375 3743 529 3842 eorporis
549 3742 641 3833 enim
661 3741 769 3834 nervi,
786 3763 934 3826 numero
955 3751 1145 3840 naturaque
1167 3743 1311 3823 intense
1327 3740 1448 3818 diversi

374 3881 634 3980 qnisquesuurn
649 3890 783 3972 motum
796 3877 1068 3989 hebenteioris.
1082 3902 1144 3978 per
1157 3877 1311 3980 medium
1325 3900 1452 3978 eccep-

375 4032 450 4096 tum
483 4031 626 4098 etcum
658 4021 706 4093 rei
735 4016 869 4094 sensilis
895 4019 991 4091 metu
1025 3982 1287 4114 congruentem.
1318 4015 1453 4102 Quibus

419 4300 428 4333 ¹
451 4302 510 4376 ssepi
522 4298 602 4374 ψυχ.,
617 4290 639 4354 l.
652 4292 690 4368 ll,
708 4310 735 4352 c.
750 4309 784 4367 n,
803 4292 822 4370 δ’
838 4291 887 4352 Η.
