3467 5492
267 1161 375 1286 quin
399 1161 458 1268 m
487 1095 718 1267 sororius
746 1159 980 1264 nocuum
1003 1137 1325 1270 rursrorums

549 1805 551 1812 1
629 1671 958 1793 rnomuruu
1051 1656 1054 1663 ²

306 1959 308 1963 -
345 1931 391 1986 no
416 1931 504 1994 ouos
528 1931 652 2006 suusqs
677 1933 906 2004 nurunnrun,
935 1935 979 1987 nr
1005 1933 1073 1997 ouo
1099 1933 1248 1988 srnornr

598 2055 753 2119 oumsrro
778 2033 993 2111 rnorosrrni

309 2575 422 2662 Quum
438 2593 558 2651 sensus
572 2575 760 2675 unicuique
775 2585 933 2678 nostrum
952 2601 971 2651 a
993 2587 1114 2651 natura
1135 2575 1327 2668 tribuatur,

262 2724 299 2788 ut
315 2737 369 2802 se,
399 2713 502 2788 vitam
525 2735 718 2812 corpusque
752 2722 901 2805 tueatur,
923 2712 1139 2811 declinetque
1159 2714 1327 2803 nocitura,

135 2933 138 2942 ,
260 2873 400 2926 necesse
424 2862 474 2926 est
493 2872 555 2926 nos
575 2850 731 2950 jucunde
751 2851 934 2926 molestere
963 2850 1104 2926 affectos
1128 2852 1245 2927 multis
1269 2877 1328 2927 va-

242 2990 388 3089 riisque
408 2989 526 3066 modis·
538 2989 679 3065 sentire.
1117 2974 1119 2978 ’

308 3131 351 3204 m
369 3131 541 3230 primum,
561 3130 651 3229 quod
668 3130 711 3204 ad
731 3152 857 3229 corpus
878 3129 1014 3222 attinet,
1041 3130 1070 3206 si
1089 3131 1170 3229 quid
1187 3132 1329 3210 interius
1385 3173 1388 3177 ·

150 3353 154 3361 ¹
260 3269 406 3362 laeditur,
435 3269 606 3346 cruciatus
625 3268 752 3344 doloris
773 3291 853 3344 cum
876 3268 966 3342 malo
985 3269 1173 3345 crescentis
1193 3276 1329 3369 experi-

260 3433 350 3503 mur,
383 3410 507 3509 quibus
523 3433 728 3486 moneamur
754 3409 797 3484 de
823 3407 949 3506 injuria
973 3432 1076 3507 quam
1093 3409 1257 3508 patimur.
1274 3412 1331 3487 Sic

260 3553 349 3627 same
368 3553 490 3652 sitique
507 3566 540 3629 et
559 3554 809 3653 cujuscumque
822 3552 936 3628 morbi
948 3541 1178 3629 incommodis
1193 3554 1328 3630 labora-

254 3687 350 3782 mus,
370 3715 480 3791 eoque
493 3692 625 3786 acrius,
651 3716 719 3792 quo
737 3678 849 3793 majus
864 3692 900 3766 in
914 3691 1102 3767 discrimen
1129 3694 1195 3770 rita
1213 3696 1328 3783 venit;

141 3891 144 3902 .
260 3832 344 3906 dum¹
358 3843 477 3908 contra
490 3833 696 3932 qui'integra
718 3833 912 3910 valetudine
934 3832 1244 3932 viribusqueviget,
1266 3834 1331 3910 sibi

259 3971 347 4048 bene
358 3995 433 4049 esse
446 3973 561 4067 sentit,
571 3973 781 4071 tacitamque
799 3971 946 4072 percipit
963 3971 1095 4046 vivendi
1111 3972 1329 4072 voluptatem.

310 4111 378 4187 Sed
394 4125 466 4186 non
489 4113 592 4188 omne
606 4111 760 4211 corporis
780 4110 910 4186 malum
931 4110 1145 4204 intestinum3
1164 4136 1275 4211 neque
1292 4137 1333 4191 ea

261 4274 337 4350 quae
360 4263 454 4328 extra
473 4262 554 4328 sunt
569 4250 692 4328 leviora
708 4249 863 4351 pericula
879 4250 979 4326 nobis
997 4250 1140 4345 saciant,
1160 4252 1228 4328 nisi
1247 4254 1330 4330 alios

260 4389 448 4466 habeamus
475 4413 621 4482 sensm,
639 4412 754 4464 rerum
777 4399 917 4488 propter
940 4387 1260 4466 incommoditatem
1278 4393 1296 4466 s
1315 4433 1331 4451 ·

1208 4529 1222 4584 r
