3467 5492
718 564 899 628 ..19-

275 743 357 819 pure
376 721 433 800 tati
446 724 471 792 ⁴.
494 721 614 816 Neque
631 741 686 794 res
702 718 855 793 sehabet
873 717 1045 816 quemodo
1062 721 1200 796 uetuere
1219 732 1349 799 ueteres
1460 792 1462 795 .

274 858 508 958 Pythagorici,
529 880 616 956 quos
645 869 715 931 nun
747 860 854 932 semel
879 867 996 933 noster
1022 860 1268 957 reprehendit:
1290 864 1350 960 qui

276 999 408 1074 scilieet
431 999 474 1073 de
494 1020 639 1096 eorpure
660 999 755 1094 pund
779 997 928 1072 animem
950 998 1103 1097 reeipere
1118 1000 1241 1088 debet,
1263 999 1350 1077 nihii

277 1159 417 1237 prorsus
432 1138 673 1228 determinant,
690 1140 786 1234 qussi
797 1136 877 1212 »sieri
893 1137 1016 1234 pessit,
1034 1139 1350 1237 utquaeviseninra,

278 1279 352 1356 sine
373 1278 445 1354 uite
468 1276 687 1364 disurirnine,
708 1299 834 1374 eurpun
848 1274 995 1372 quodvis
1012 1276 1144 1351 subeut.
1164 1277 1209 1352 nt
1231 1291 1352 1355 uonna

278 1417 550 1514 unumquodque
581 1414 755 1513 prppriem
790 1413 942 1512 speeiem
977 1413 1105 1488 bebere
1137 1416 1354 1514 formamque

277 1555 432 1630 videtur:
455 1567 493 1630 ut
510 1555 602 1632 enim
626 1577 680 1632 ers
704 1573 849 1652 queque
873 1555 943 1628 suis
964 1552 1203 1630 instrumentis
1229 1556 1351 1649 utitur,

278 1719 389 1795 neque
406 1696 520 1771 fistule
541 1695 648 1786 taber,
666 1706 725 1769 aut
741 1694 865 1768 malleo
883 1693 1050 1782 musicus,
1072 1694 1124 1770 sie
1141 1696 1256 1772 anima
1270 1699 1353 1773 ¹eur·

277 1858 361 1933 pore
378 1857 445 1910 suu
465 1843 580 1910 utetur
596 1835 764 1932 oportet⁹.

327 1974 403 2052 anr
425 1993 529 2064 uero,
554 1984 595 2048 ut
621 1971 663 2046 ad
689 1994 854 2059 sensum,
887 1971 929 2046 de
945 1994 1015 2069 quo
1046 1972 1119 2047 suto
1146 1971 1204 2048 bie
1224 1971 1350 2072 egitur,

280 2116 471 2204 veniemus,
491 2111 524 2186 id
543 2113 637 2209 quod
656 2111 789 2186 dietum
808 2121 860 2188 est
874 2111 919 2186 de
932 2116 1003 2187 tuto
1020 2112 1208 2204 adimente,
1228 2113 1265 2187 in
1285 2114 1355 2189 sin

278 2252 367 2350 gulis
381 2257 484 2330 etiem
501 2253 657 2352 pertibus
673 2251 847 2350 respicere
862 2251 952 2327 lieet.
966 2251 1068 2344 Nam,
1085 2252 1114 2326 si
1128 2254 1250 2329 uentus
1262 2268 1353 2331 esset

279 2392 420 2485 animal,
441 2396 514 2492 eJ'us
533 2392 649 2476 anime
669 2391 762 2466 visus
783 2402 873 2466 esset
884 2416 894 2482 3
910 2390 1003 2466 risus
1024 2403 1075 2466 est
1090 2366 1241 2491 namque
1260 2398 1354 2472 ocuti

278 2535 387 2610 forme
416 2547 449 2610 et
472 2534 574 2634 quasi
592 2535 701 2627 rati03
722 2535 844 2609 oculus
865 2541 983 2609 autern
1007 2545 1060 2610 est
1084 2534 1244 2612 materies
1258 2531 1354 2607 risus

279 2675 349 2770 qui,
364 2698 472 2771 quum
496 2675 630 2765 deiecit,
651 2699 720 2751 nun
742 2678 863 2753 oculus
886 2687 949 2768 est,
962 2676 1031 2750 nisi
1044 2678 1186 2750 nornine
1203 2683 1350 2764 tantum,

281 2814 423 2910 perinde
440 2824 542 2910 atque
558 2815 722 2914 lapideus,
744 2817 796 2890 rel
810 2816 963 2913 pictus-'t
978 2815 1061 2902 Quae
1079 2837 1187 2912 quum
1203 2813 1249 2888 ita
1266 2812 1349 2903 sint,

280 2955 370 3026 sieut
403 2972 545 3050 corpure
577 2952 642 3028 sibi
672 2953 811 3052 proprio
840 2953 981 3028 cuilibet
1014 2952 1159 3043 enimse,
1190 2951 1236 3024 ite
1258 2950 1351 3048 juste

282 3093 437 3190 corporis
462 3105 557 3191 perte
587 3104 621 3169 et
645 3094 742 3191 quusi
767 3094 912 3191 integris
944 3091 1184 3168 instrumentis
1209 3090 1353 3166 cuilibet

283 3231 399 3306 sensui
415 3254 501 3329 opus
515 3243 585 3306 est:
602 3233 688 3307 adeo
701 3244 823 3330 utquee
835 3231 946 3307 oculis
958 3244 1018 3307 aut
1030 3233 1181 3321 auribus,
1205 3241 1265 3305 aut
1286 3253 1351 3304 na·

281 3370 377 3446 ribus
400 3370 708 3461 carentanimalie,
729 3393 767 3445 en
788 3368 1058 3469 nequevideant,
1078 3365 1353 3466 nequeeudiant,

282 3529 396 3605 neque
416 3493 617 3582 odorentur.
643 3505 785 3586 Nullum
804 3519 919 3583 temen
944 3509 1092 3606 reperias
1116 3509 1174 3583 eui
1191 3507 1354 3584 deficient

283 3660 461 3724 tactusaut
474 3661 596 3746 gustus
615 3675 623 3721 :
642 3649 696 3724 his
712 3649 805 3724 enim
820 3647 1082 3740 deficientibus,
1103 3648 1219 3723 deficit
1240 3645 1353 3722 omnis

284 3810 418 3879 sensus,
432 3809 545 3884 neque
553 3788 626 3886 J'anr
639 3787 776 3878 animal,
795 3787 856 3863 sed
869 3788 981 3863 solum
994 3787 1111 3886 plenta
1129 3788 1327 3888 superest⁴.

323 4031 332 4064 ¹
357 4035 416 4108 ssepi
430 4030 510 4106 ψυχ.,
525 4023 546 4087 l.
559 4024 597 4099 ll,
612 4023 739 4104 2514.

320 4142 332 4176 ¹
353 4135 440 4211 ibid„
455 4135 476 4196 l.
491 4134 514 4210 l,
529 4135 559 4209 3,
572 4133 592 4214 S
605 4136 656 4195 25.

321 4249 332 4282 ³
356 4242 454 4318 ibid„
468 4241 489 4302 l.
502 4241 540 4318 ll,
555 4244 585 4316 i,
600 4240 661 4321 39.

321 4356 332 4388 ⁴
352 4350 440 4425 ibid„
455 4349 526 4426 l.ll,
543 4347 669 4431 2844.
786 4357 789 4364 '
