3467 5492
709 595 889 662 „ee-

262 763 389 844 manat,
401 773 516 849 neque,
526 749 743 831 resubdueta
752 747 947 827 vetsamuta
956 753 1076 824 cusat.
1084 742 1184 830 enat
1195 741 1335 840 quidem

262 903 417 991 apparet,
441 890 603 989 quotiese
624 887 815 988 splendenti
833 888 910 967 loce
923 896 1064 984 repente
1078 882 1286 965 devertimus
1298 862 1335 962 in

261 1028 432 1120 tenebras,
447 1027 787 1113 solemveaduersum
801 1025 990 1116 intuemur,
1013 1022 1123 1100 autin
1146 1018 1334 1118 conspicue

261 1167 374 1242 coiere
393 1165 523 1244 amiate
557 1163 733 1264 rapidiore·
746 1164 920 1238 haerentes
950 1160 1069 1239 ocules
1100 1157 1228 1235 diutius
1247 1153 1336 1231 deti·

262 1303 469 1382 nemusttti
485 1304 626 1404 quidem
643 1303 785 1382 teviares
802 1311 930 1392 mutus,
948 1298 1114 1391 interdiu,
1131 1319 1240 1395 quum
1256 1317 1336 1379 rere

261 1441 430 1528 sentimus
443 1442 604 1541 varieque
626 1453 740 1516 mente
761 1440 945 1538 agitamus,
967 1437 1140 1515 eliduntur
1157 1447 1262 1534 etque
1277 1459 1336 1514 va«
1358 1502 1361 1508 .

263 1593 423 1676 uescunt,
440 1604 510 1680 que
522 1582 624 1661 metio
643 1581 786 1679 exiguus
804 1579 894 1677 ignis
910 1577 1220 1678 appositumajere,
1235 1585 1269 1650 et
1280 1597 1337 1650 vu-¹

261 1726 408 1823 tuptntes
427 1724 632 1820 doloresque
660 1721 795 1799 modici,
809 1719 938 1818 quihus
954 1718 1128 1797 accedunt,
1141 1715 1332 1795 innonat.

260 1864 374 1945 Noetu
394 1885 489 1955 vere,
509 1863 609 1940 uanis
636 1859 909 1959 quiescentibus,
929 1859 987 1937 tel?
1004 1856 1196 1937 tenuissimi
1221 1866 1336 1937 metue

260 2012 454 2098 emergunt,
481 1998 680 2099 delapsique
706 1999 747 2074 ad
765 1968 942 2088 inferiora,
959 1995 1131 2072 manifesti
1157 1995 1265 2072 fiunt:
1284 1993 1336 2072 sie

259 2161 361 2236 aqua,
375 2139 459 2216 dum
473 2138 760 2236 rmtusagitatur,
774 2137 950 2219 uariamet
961 2136 1166 2227 confusam
1179 2145 1218 2215 ut
1230 2133 1336 2212 semel

260 2278 385 2354 resedit
403 2278 517 2359 omnis
537 2281 651 2372 ssatus,
671 2279 840 2377 integram
860 2279 1058 2376 eieramque
1078 2297 1195 2360 rerum
1212 2274 1335 2373 imagi·-

259 2439 341 2491 uem
361 2417 505 2496 reddit'.
634 2453 638 2462 ¹

307 2555 356 2630 iia
373 2565 497 2632 autem
522 2555 792 2642 solememoriae
820 2555 1052 2653 subjiciuntur
1080 2578 1160 2653 que
1187 2561 1333 2652 possunt

258 2695 323 2772 sub
336 2695 617 2794 imaginationem
631 2698 754 2776 eadere
773 2695 973 2794 auratiquirt
989 2717 1076 2775 uum·
1089 2691 1336 2792 imaginatione

258 2855 447 2908 romanum
462 2834 604 2912 habeut.
620 2834 737 2921 Placet
750 2834 844 2911 enim
852 2832 1026 2916 tuismet
1044 2832 1177 2930 atiuuie-
1190 2831 1335 2930 picture
1389 2905 1392 2908 ,

258 2970 424 3046 simitein
446 2971 560 3046 anima
582 2983 616 3050 et
636 2973 671 3048 in
693 2983 789 3072 parte
823 2971 977 3070 eorporis
1003 2974 1156 3050 animam
1186 2970 1335 3052 habente

260 3109 352 3186 inuri
375 3133 437 3209 per
455 3132 609 3203 sensum,
633 3133 698 3186 nec
720 3133 933 3209 quemquam
946 3108 1136 3201 reminisci,
1147 3109 1213 3188 nisi
1224 3109 1334 3208 ipsius

258 3248 402 3324 animus
421 3248 463 3324 ad
483 3258 599 3324 motus
616 3247 699 3322 olim
719 3251 754 3321 in
770 3268 918 3346 corpure
932 3247 1117 3346 impressos
1135 3247 1333 3346 ibidemque

258 3386 477 3462 inhaerentes·
491 3384 654 3484 respiciat
665 3444 678 3477 ,
698 3385 1123 3484 oblatamqueimagiaem
1140 3385 1335 3467 considant

259 3524 361 3622 quasi
388 3523 530 3600 alterius
549 3523 599 3601 ret'
622 3521 860 3614 simulacrum,
884 3523 1043 3622 adjuncta
1061 3523 1332 3621 praeteritam

261 3662 357 3761 peris
370 3661 514 3742 ratione.
536 3663 647 3741 nutus
666 3662 773 3755 enum,
792 3686 810 3736 a
826 3661 1129 3761 resaperveniens,
1146 3663 1333 3762 quamdam

260 3799 362 3876 vetut
382 3799 526 3898 figuram
546 3797 597 3873 rei
615 3798 800 3898 imprimit,
823 3799 917 3875 haud
938 3821 1041 3879 seeus
1057 3822 1100 3879 ae
1122 3798 1180 3894 qui
1196 3799 1333 3909 nuntiis

260 3959 376 4020 ceram
394 3936 556 4036 sigeum:
571 3938 735 4036 unanima
749 3937 786 4014 in
805 3936 847 4017 iis
872 3959 959 4034 quot
984 3936 1333 4036 mpetustntuua

260 4086 319 4150 aut
342 4086 458 4150 tenera
471 4085 553 4150 aetas
568 4074 679 4150 varios
704 4085 738 4150 et
756 4075 865 4152 ssuxos
879 4073 971 4164 facit,
987 4073 1084 4177 quasi
1104 4084 1218 4154 motus
1233 4087 1267 4160 et
1289 4075 1333 4161 si·

305 4361 314 4393 ¹
339 4365 398 4442 [lapi
411 4361 509 4429 imm..
525 4371 552 4415 e.
568 4373 601 4420 11.
