3467 5492
707 577 888 646 ..gg-

255 745 360 844 ipsius
381 746 540 824 conscius
556 747 610 842 sit,
626 731 879 845 sentiendoque
903 743 1092 843 distinguat
1107 758 1141 821 et
1158 757 1336 845 comparet

256 887 347 962 inter
365 885 546 974 sevarios,
570 906 655 981 quos
676 889 871 982 experitur,
887 885 1051 975 allectus,
1080 884 1201 982 sicque
1229 886 1337 968 valeat

255 1033 415 1123 appetere
426 1023 635 1120 voluptatem
651 1033 685 1098 et
697 1024 815 1119 sugere
827 1045 867 1096 ea
882 1046 960 1120 quae
973 1022 1132 1098 nocitura
1142 1023 1333 1100 videantur.

258 1165 344 1238 llam
363 1174 479 1238 autem
500 1165 603 1240 luisse
621 1165 690 1238 vim
705 1165 913 1260 cognitionis
929 1176 963 1239 et
976 1164 1101 1262 judicii
1120 1164 1281 1240 sensibus
1293 1165 1337 1239 ab

258 1300 443 1378 Aristotele
463 1301 673 1398 assignatam
690 1302 798 1400 liquet
820 1325 861 1376 ex
882 1301 990 1400 ipsius
1012 1302 1160 1401 scriptis.

278 1541 279 1545 Ν
306 1439 407 1526 Quod
428 1439 472 1514 ad
489 1438 736 1515 conscientiam
753 1438 861 1514 animi
881 1439 1016 1529 attinet,
1039 1439 1185 1515 minime
1197 1439 1338 1538 quidem

260 1577 403 1668 mirum,
421 1577 606 1652 nonnullos
619 1577 737 1664 luisse,
758 1577 1196 1674 interquosTennemann,
1212 1577 1337 1675 quibus

259 1717 469 1792 Aristoteles
479 1716 654 1792 videretur
668 1714 802 1814 primus
817 1715 976 1791 omnium
989 1716 1173 1792 attendisse
1187 1727 1339 1791 mentem

260 1866 294 1931 ct
310 1865 455 1930 acutum
470 1853 649 1950 ingenium
665 1854 707 1929 ad
722 1876 796 1927 rem
811 1853 988 1930 difficilem
1001 1853 1044 1929 de
1056 1877 1121 1951 qua
1136 1853 1249 1950 agitur
1264 1879 1271 1926 :
1286 1854 1340 1926 in-

195 2043 196 2046 =
259 1997 395 2070 terdum
416 1993 508 2068 enim
528 1993 681 2092 loquitur
697 2017 737 2068 ea
751 1994 822 2069 sere
838 1993 1040 2085 subtilitate,
1060 2016 1166 2090 quam
1187 1993 1338 2090 reperire

208 2208 211 2214 ,
259 2143 310 2207 est
330 2133 421 2230 apud
440 2131 719 2228 diligentissimos
735 2143 861 2206 nostrae
875 2130 986 2206 aetatis
1004 2129 1242 2228 philosophos.
1256 2131 1339 2217 Qua

259 2269 372 2345 anima
387 2281 518 2361 carent,
536 2281 572 2344 ut
592 2269 717 2367 legitur
728 2269 770 2342 in
784 2269 1016 2368 Physicorum
1026 2269 1138 2360 libris,
1154 2280 1337 2344 moventur

259 2418 293 2482 et
314 2419 493 2483 mutantur
511 2407 637 2498 inscia;
659 2419 695 2482 at
722 2407 765 2499 ii,
789 2407 1044 2505 quibusnatura
1065 2430 1207 2482 sensum
1224 2407 1336 2491 dedit,

260 2545 426 2643 quidquid
439 2545 609 2643 patiantur
633 2545 766 2657 nescire
792 2554 970 2642 nequeunt
985 2547 1009 2617 ¹.
1031 2545 1076 2618 Et
1088 2542 1170 2618 alibi
1188 2568 1196 2616 :
1214 2545 1338 2630 cQuis-

260 2684 336 2782 quis
356 2685 458 2777 videt,
475 2696 534 2760 aut
547 2685 655 2777 audit,
675 2697 735 2761 aut
755 2683 919 2772 ambulat,
934 2683 1037 2758 sentit
1055 2706 1092 2758 se
1111 2684 1245 2776 videre,
1272 2708 1338 2766 au-

260 2825 347 2920 dire,
365 2823 542 2900 ambulare
555 2835 615 2899 aut
624 2824 723 2902 aliter
734 2847 846 2920 agere.
865 2827 923 2897 Est
938 2822 974 2895 in
989 2820 1090 2898 nobis
1102 2822 1232 2920 aliquid
1246 2825 1338 2921 quod

260 2966 363 3036 sentit
385 2985 446 3038 nos
467 2984 567 3059 agere
583 2987 590 3033 :
609 2983 796 3058 possumus
812 2960 918 3058 igitur
936 2959 1066 3036 sentire
1084 2983 1148 3036 nos
1161 2961 1289 3036 sentire
1303 2975 1338 3036 et

259 3099 424 3196 cogitare;
441 3099 607 3197 quidquid
620 3110 737 3176 autem
755 3102 857 3175 sentit
874 3121 911 3174 se
928 3098 1056 3174 sentire
1069 3109 1103 3174 et
1117 3099 1278 3196 cogitare,
1301 3100 1337 3174 id

260 3240 402 3334 exsistit,
417 3241 445 3316 si
459 3241 599 3338 quidem
613 3241 742 3318 exsistit
755 3241 790 3314 id
804 3240 899 3339 quod
911 3239 1015 3315 sentit
1028 3249 1087 3315 aut
1099 3240 1228 3336 cogitat
1238 3241 1265 3312 ².
1281 3267 1299 3313 u

307 3381 380 3458 Etsi
393 3381 468 3458 fieri
482 3380 602 3478 nequit
612 3405 652 3456 ex
665 3381 720 3456 his
739 3381 864 3473 verbis,
886 3388 926 3454 ut
946 3402 986 3454 ex
1006 3389 1077 3452 totu
1095 3379 1338 3456 desiderentur

260 3521 481 3597 conscientiae
497 3532 627 3621 partes,
645 3522 785 3597 easdem
799 3531 915 3595 tamen
932 3517 991 3593 uhi
1011 3517 1213 3594 Aristoteles
1227 3521 1342 3594 studet
1450 3611 1455 3621 Ι

260 3658 480 3756 describere,
501 3657 676 3758 decipitur
694 3656 894 3734 discrimine
912 3679 1030 3733 rerum
1048 3656 1206 3754 confuso,
1230 3681 1342 3756 neque
1395 3649 1398 3656 ’

260 3799 303 3873 ab
317 3797 413 3872 omni
431 3794 703 3895 reprehensione
724 3805 819 3871 tutus
833 3804 898 3870 est.

312 3937 457 4022 (Quum
475 3943 591 4010 autem
607 3934 797 4010 sentiamus
810 3955 873 4010 nos
885 3931 1112 4031 videreatque
1124 3934 1256 4028 audire,
1273 3959 1335 4012 ne-

305 4233 314 4273 ¹
337 4242 425 4294 tuctu.
441 4239 547 4314 dagout..
563 4227 585 4292 l.
600 4224 662 4306 Vll,
678 4252 705 4294 c.
722 4247 756 4308 11,
772 4230 791 4312 8
807 4235 838 4294 4.

303 4343 314 4377 ¹
337 4335 432 4409 librauit
446 4355 591 4426 Nexum„
602 4339 625 4406 l.
636 4341 686 4419 Xl,
704 4362 731 4406 c.
746 4360 794 4433 ΧΙ.Δ
