<?xml version="1.0" encoding="UTF-8"?>
<!DOCTYPE html PUBLIC "-//W3C//DTD XHTML 1.0 Transitional//EN"
    "http://www.w3.org/TR/xhtml1/DTD/xhtml1-transitional.dtd">
<html xmlns="http://www.w3.org/1999/xhtml" xml:lang="en" lang="en">
 <head>
  <title>
</title>
<meta http-equiv="Content-Type" content="text/html;charset=utf-8" />
  <meta name='ocr-system' content='tesseract 3.04.00' />
  <meta name='ocr-capabilities' content='ocr_page ocr_carea ocr_par ocr_line ocrx_word'/>
</head>
<body>
  <div class='ocr_page' id='page_1' title='image "./quaefueritarist00gratgoog_0068.png"; bbox 0 0 3467 5492; ppageno 0'>
   <div class='ocr_carea' id='block_1_1' title="bbox 808 567 990 634">
    <p class='ocr_par' dir='ltr' id='par_1_1' title="bbox 808 567 990 634">
     <span class='ocr_line' id='line_1_1' title="bbox 808 567 990 634; baseline -0.005 -14"><span class='ocrx_word' id='word_1_1' title='bbox 808 567 990 634; x_wconf 70' lang='lat' dir='ltr'><strong>..ag-</strong></span> 
     </span>
    </p>
   </div>
   <div class='ocr_carea' id='block_1_2' title="bbox 368 753 1454 2517">
    <p class='ocr_par' dir='ltr' id='par_1_2' title="bbox 368 753 1454 2517">
     <span class='ocr_line' id='line_1_2' title="bbox 371 753 1442 854; baseline -0.005 -23"><span class='ocrx_word' id='word_1_2' title='bbox 371 765 404 831; x_wconf 91' lang='lat' dir='ltr'><strong>et</strong></span> <span class='ocrx_word' id='word_1_3' title='bbox 418 753 574 854; x_wconf 90' lang='lat' dir='ltr'><strong>proprias</strong></span> <span class='ocrx_word' id='word_1_4' title='bbox 589 753 769 852; x_wconf 88' lang='lat' dir='ltr'><strong>qualitates</strong></span> <span class='ocrx_word' id='word_1_5' title='bbox 783 753 911 829; x_wconf 89' lang='lat' dir='ltr'><strong>habere</strong></span> <span class='ocrx_word' id='word_1_6' title='bbox 923 753 1116 843; x_wconf 88' lang='lat' dir='ltr'><strong>inserimus,</strong></span> <span class='ocrx_word' id='word_1_7' title='bbox 1137 777 1176 828; x_wconf 85' lang='lat' dir='ltr'><strong>er</strong></span> <span class='ocrx_word' id='word_1_8' title='bbox 1189 753 1442 851; x_wconf 87' lang='lat' dir='ltr'><strong>sensibusquos</strong></span> 
     </span>
     <span class='ocr_line' id='line_1_3' title="bbox 371 891 1443 990; baseline 0 -24"><span class='ocrx_word' id='word_1_9' title='bbox 371 892 406 967; x_wconf 94' lang='lat' dir='ltr'><strong>in</strong></span> <span class='ocrx_word' id='word_1_10' title='bbox 417 892 687 968; x_wconf 88' lang='lat' dir='ltr'><strong>nobisconoitat.</strong></span> <span class='ocrx_word' id='word_1_11' title='bbox 705 891 857 989; x_wconf 85' lang='lat' dir='ltr'><strong>Singulis</strong></span> <span class='ocrx_word' id='word_1_12' title='bbox 875 892 968 966; x_wconf 90' lang='lat' dir='ltr'><strong>enim</strong></span> <span class='ocrx_word' id='word_1_13' title='bbox 979 892 1134 967; x_wconf 86' lang='lat' dir='ltr'><strong>sensibus</strong></span> <span class='ocrx_word' id='word_1_14' title='bbox 1145 904 1278 990; x_wconf 78' lang='lat' dir='ltr'>oportet</span> <span class='ocrx_word' id='word_1_15' title='bbox 1291 891 1443 988; x_wconf 83' lang='lat' dir='ltr'><strong>singulas</strong></span> 
     </span>
     <span class='ocr_line' id='line_1_4' title="bbox 368 1027 1445 1131; baseline -0.006 -27"><span class='ocrx_word' id='word_1_16' title='bbox 368 1029 404 1104; x_wconf 93' lang='lat' dir='ltr'><strong>in</strong></span> <span class='ocrx_word' id='word_1_17' title='bbox 423 1028 527 1106; x_wconf 92' lang='lat' dir='ltr'><strong>rebus</strong></span> <span class='ocrx_word' id='word_1_18' title='bbox 547 1030 757 1128; x_wconf 88' lang='lat' dir='ltr'><strong>respondere</strong></span> <span class='ocrx_word' id='word_1_19' title='bbox 776 1029 1026 1128; x_wconf 91' lang='lat' dir='ltr'><strong>proprietates;</strong></span> <span class='ocrx_word' id='word_1_20' title='bbox 1044 1054 1156 1126; x_wconf 84' lang='lat' dir='ltr'><strong>neque</strong></span> <span class='ocrx_word' id='word_1_21' title='bbox 1187 1032 1344 1131; x_wconf 90' lang='lat' dir='ltr'><strong>prolecto</strong></span> <span class='ocrx_word' id='word_1_22' title='bbox 1371 1027 1445 1101; x_wconf 84' lang='lat' dir='ltr'><strong>fieri</strong></span> 
     </span>
     <span class='ocr_line' id='line_1_5' title="bbox 372 1166 1447 1268; baseline -0.006 -24"><span class='ocrx_word' id='word_1_23' title='bbox 372 1179 495 1268; x_wconf 86' lang='lat' dir='ltr'><strong>potest,</strong></span> <span class='ocrx_word' id='word_1_24' title='bbox 518 1178 556 1242; x_wconf 88' lang='lat' dir='ltr'><strong>ut</strong></span> <span class='ocrx_word' id='word_1_25' title='bbox 587 1166 621 1241; x_wconf 91' lang='lat' dir='ltr'><strong>id</strong></span> <span class='ocrx_word' id='word_1_26' title='bbox 651 1167 742 1264; x_wconf 92' lang='lat' dir='ltr'><strong>quod</strong></span> <span class='ocrx_word' id='word_1_27' title='bbox 763 1167 913 1241; x_wconf 91' lang='lat' dir='ltr'><strong>calidum</strong></span> <span class='ocrx_word' id='word_1_28' title='bbox 939 1178 998 1242; x_wconf 93' lang='lat' dir='ltr'><strong>aut</strong></span> <span class='ocrx_word' id='word_1_29' title='bbox 1024 1168 1137 1261; x_wconf 85' lang='lat' dir='ltr'>dulce,</span> <span class='ocrx_word' id='word_1_30' title='bbox 1156 1180 1216 1244; x_wconf 91' lang='lat' dir='ltr'><strong>aut</strong></span> <span class='ocrx_word' id='word_1_31' title='bbox 1243 1168 1360 1243; x_wconf 91' lang='lat' dir='ltr'><strong>album</strong></span> <span class='ocrx_word' id='word_1_32' title='bbox 1389 1175 1447 1239; x_wconf 92' lang='lat' dir='ltr'><strong>aut</strong></span> 
     </span>
     <span class='ocr_line' id='line_1_6' title="bbox 372 1303 1447 1404; baseline -0.006 -22"><span class='ocrx_word' id='word_1_33' title='bbox 372 1308 476 1382; x_wconf 89' lang='lat' dir='ltr'><strong>molle</strong></span> <span class='ocrx_word' id='word_1_34' title='bbox 504 1305 670 1396; x_wconf 80' lang='lat' dir='ltr'><strong>sentitur,</strong></span> <span class='ocrx_word' id='word_1_35' title='bbox 699 1328 809 1381; x_wconf 92' lang='lat' dir='ltr'><strong>unum</strong></span> <span class='ocrx_word' id='word_1_36' title='bbox 841 1316 876 1380; x_wconf 92' lang='lat' dir='ltr'><strong>et</strong></span> <span class='ocrx_word' id='word_1_37' title='bbox 911 1305 1002 1380; x_wconf 89' lang='lat' dir='ltr'><strong>idam</strong></span> <span class='ocrx_word' id='word_1_38' title='bbox 1030 1306 1074 1382; x_wconf 91' lang='lat' dir='ltr'><strong>sit</strong></span> <span class='ocrx_word' id='word_1_39' title='bbox 1103 1317 1203 1404; x_wconf 88' lang='lat' dir='ltr'><strong>atque</strong></span> <span class='ocrx_word' id='word_1_40' title='bbox 1235 1305 1321 1380; x_wconf 93' lang='lat' dir='ltr'><strong>illud</strong></span> <span class='ocrx_word' id='word_1_41' title='bbox 1356 1303 1447 1402; x_wconf 88' lang='lat' dir='ltr'><strong>quod</strong></span> 
     </span>
     <span class='ocr_line' id='line_1_7' title="bbox 374 1442 1444 1541; baseline -0.007 -22"><span class='ocrx_word' id='word_1_42' title='bbox 374 1444 549 1541; x_wconf 79' lang='lat' dir='ltr'><strong>frigidum,</strong></span> <span class='ocrx_word' id='word_1_43' title='bbox 569 1454 809 1526; x_wconf 73' lang='lat' dir='ltr'><strong>autumnum,</strong></span> <span class='ocrx_word' id='word_1_44' title='bbox 832 1453 891 1517; x_wconf 88' lang='lat' dir='ltr'><strong>aut</strong></span> <span class='ocrx_word' id='word_1_45' title='bbox 902 1442 1053 1539; x_wconf 84' lang='lat' dir='ltr'><strong>nigrum,</strong></span> <span class='ocrx_word' id='word_1_46' title='bbox 1068 1455 1127 1520; x_wconf 91' lang='lat' dir='ltr'><strong>aut</strong></span> <span class='ocrx_word' id='word_1_47' title='bbox 1143 1445 1273 1519; x_wconf 94' lang='lat' dir='ltr'><strong>durum</strong></span> <span class='ocrx_word' id='word_1_48' title='bbox 1293 1452 1444 1541; x_wconf 89' lang='lat' dir='ltr'><strong>apparet.</strong></span> 
     </span>
     <span class='ocr_line' id='line_1_8' title="bbox 376 1582 1449 1684; baseline -0.007 -26"><span class='ocrx_word' id='word_1_49' title='bbox 376 1583 669 1680; x_wconf 80' lang='lat' dir='ltr'><strong>Quotiescumque</strong></span> <span class='ocrx_word' id='word_1_50' title='bbox 697 1582 803 1678; x_wconf 81' lang='lat' dir='ltr'><strong>igitur</strong></span> <span class='ocrx_word' id='word_1_51' title='bbox 828 1604 934 1658; x_wconf 83' lang='lat' dir='ltr'><strong>novos</strong></span> <span class='ocrx_word' id='word_1_52' title='bbox 963 1606 1084 1659; x_wconf 87' lang='lat' dir='ltr'><strong>sensus</strong></span> <span class='ocrx_word' id='word_1_53' title='bbox 1111 1583 1337 1684; x_wconf 82' lang='lat' dir='ltr'><strong>percipimus,</strong></span> <span class='ocrx_word' id='word_1_54' title='bbox 1370 1582 1449 1677; x_wconf 86' lang='lat' dir='ltr'><strong>jure</strong></span> 
     </span>
     <span class='ocr_line' id='line_1_9' title="bbox 375 1722 1451 1821; baseline -0.007 -25"><span class='ocrx_word' id='word_1_55' title='bbox 375 1723 514 1820; x_wconf 90' lang='lat' dir='ltr'><strong>quidem</strong></span> <span class='ocrx_word' id='word_1_56' title='bbox 530 1723 728 1821; x_wconf 90' lang='lat' dir='ltr'><strong>judicamus</strong></span> <span class='ocrx_word' id='word_1_57' title='bbox 760 1723 888 1821; x_wconf 86' lang='lat' dir='ltr'><strong>aliquid</strong></span> <span class='ocrx_word' id='word_1_58' title='bbox 917 1728 953 1798; x_wconf 94' lang='lat' dir='ltr'><strong>in</strong></span> <span class='ocrx_word' id='word_1_59' title='bbox 976 1725 1180 1800; x_wconf 91' lang='lat' dir='ltr'><strong>eorumdem</strong></span> <span class='ocrx_word' id='word_1_60' title='bbox 1201 1722 1316 1798; x_wconf 93' lang='lat' dir='ltr'><strong>causis</strong></span> <span class='ocrx_word' id='word_1_61' title='bbox 1344 1723 1451 1798; x_wconf 83' lang='lat' dir='ltr'><strong>luisse</strong></span> 
     </span>
     <span class='ocr_line' id='line_1_10' title="bbox 375 1860 1448 1958; baseline -0.003 -21"><span class='ocrx_word' id='word_1_62' title='bbox 375 1864 609 1937; x_wconf 89' lang='lat' dir='ltr'><strong>immutatum.</strong></span> <span class='ocrx_word' id='word_1_63' title='bbox 640 1860 730 1946; x_wconf 86' lang='lat' dir='ltr'><strong>Quid</strong></span> <span class='ocrx_word' id='word_1_64' title='bbox 756 1885 835 1936; x_wconf 91' lang='lat' dir='ltr'><strong>vero</strong></span> <span class='ocrx_word' id='word_1_65' title='bbox 865 1873 1018 1938; x_wconf 91' lang='lat' dir='ltr'><strong>mutatur</strong></span> <span class='ocrx_word' id='word_1_66' title='bbox 1043 1862 1163 1938; x_wconf 77' lang='lat' dir='ltr'><strong>extra?</strong></span> <span class='ocrx_word' id='word_1_67' title='bbox 1186 1861 1253 1937; x_wconf 83' lang='lat' dir='ltr'><strong>Aut</strong></span> <span class='ocrx_word' id='word_1_68' title='bbox 1281 1884 1334 1937; x_wconf 91' lang='lat' dir='ltr'><strong>res</strong></span> <span class='ocrx_word' id='word_1_69' title='bbox 1360 1861 1448 1958; x_wconf 91' lang='lat' dir='ltr'><strong>ipsa,</strong></span> 
     </span>
     <span class='ocr_line' id='line_1_11' title="bbox 376 1999 1449 2101; baseline -0.007 -23"><span class='ocrx_word' id='word_1_70' title='bbox 376 2027 496 2101; x_wconf 92' lang='lat' dir='ltr'><strong>quum,</strong></span> <span class='ocrx_word' id='word_1_71' title='bbox 511 2002 605 2078; x_wconf 83' lang='lat' dir='ltr'><strong>verbi</strong></span> <span class='ocrx_word' id='word_1_72' title='bbox 620 2002 739 2100; x_wconf 86' lang='lat' dir='ltr'><strong>gratia,</strong></span> <span class='ocrx_word' id='word_1_73' title='bbox 751 2003 889 2078; x_wconf 90' lang='lat' dir='ltr'><strong>admota</strong></span> <span class='ocrx_word' id='word_1_74' title='bbox 901 2002 1052 2078; x_wconf 78' lang='lat' dir='ltr'><strong>flammis</strong></span> <span class='ocrx_word' id='word_1_75' title='bbox 1066 2026 1151 2100; x_wconf 89' lang='lat' dir='ltr'><strong>aqua</strong></span> <span class='ocrx_word' id='word_1_76' title='bbox 1168 2000 1283 2076; x_wconf 92' lang='lat' dir='ltr'><strong>calore</strong></span> <span class='ocrx_word' id='word_1_77' title='bbox 1292 1999 1449 2097; x_wconf 83' lang='lat' dir='ltr'><strong>tepescit3</strong></span> 
     </span>
     <span class='ocr_line' id='line_1_12' title="bbox 374 2142 1449 2240; baseline -0.007 -21"><span class='ocrx_word' id='word_1_78' title='bbox 374 2154 433 2219; x_wconf 91' lang='lat' dir='ltr'><strong>aut</strong></span> <span class='ocrx_word' id='word_1_79' title='bbox 459 2142 625 2232; x_wconf 90' lang='lat' dir='ltr'><strong>medium,</strong></span> <span class='ocrx_word' id='word_1_80' title='bbox 653 2143 682 2218; x_wconf 94' lang='lat' dir='ltr'><strong>si</strong></span> <span class='ocrx_word' id='word_1_81' title='bbox 711 2144 841 2240; x_wconf 90' lang='lat' dir='ltr'><strong>quade</strong></span> <span class='ocrx_word' id='word_1_82' title='bbox 869 2167 972 2219; x_wconf 88' lang='lat' dir='ltr'><strong>causa</strong></span> <span class='ocrx_word' id='word_1_83' title='bbox 994 2153 1128 2218; x_wconf 92' lang='lat' dir='ltr'><strong>motum</strong></span> <span class='ocrx_word' id='word_1_84' title='bbox 1157 2165 1236 2218; x_wconf 89' lang='lat' dir='ltr'><strong>are</strong></span> <span class='ocrx_word' id='word_1_85' title='bbox 1264 2150 1449 2238; x_wconf 89' lang='lat' dir='ltr'><strong>acceptum</strong></span> 
     </span>
     <span class='ocr_line' id='line_1_13' title="bbox 378 2278 1454 2378; baseline -0.002 -25"><span class='ocrx_word' id='word_1_86' title='bbox 378 2280 543 2372; x_wconf 86' lang='lat' dir='ltr'><strong>inflectat,</strong></span> <span class='ocrx_word' id='word_1_87' title='bbox 563 2289 599 2354; x_wconf 90' lang='lat' dir='ltr'><strong>ut</strong></span> <span class='ocrx_word' id='word_1_88' title='bbox 613 2279 736 2355; x_wconf 85' lang='lat' dir='ltr'><strong>fluvius</strong></span> <span class='ocrx_word' id='word_1_89' title='bbox 756 2303 894 2356; x_wconf 90' lang='lat' dir='ltr'><strong>remum</strong></span> <span class='ocrx_word' id='word_1_90' title='bbox 925 2281 1096 2378; x_wconf 79' lang='lat' dir='ltr'><strong>infringit;</strong></span> <span class='ocrx_word' id='word_1_91' title='bbox 1116 2290 1174 2355; x_wconf 91' lang='lat' dir='ltr'><strong>aut</strong></span> <span class='ocrx_word' id='word_1_92' title='bbox 1187 2303 1310 2355; x_wconf 91' lang='lat' dir='ltr'><strong>sensus</strong></span> <span class='ocrx_word' id='word_1_93' title='bbox 1324 2278 1454 2352; x_wconf 93' lang='lat' dir='ltr'><strong>instru-</strong></span> 
     </span>
     <span class='ocr_line' id='line_1_14' title="bbox 377 2416 1451 2517; baseline -0.002 -25"><span class='ocrx_word' id='word_1_94' title='bbox 377 2429 546 2509; x_wconf 85' lang='lat' dir='ltr'><strong>mentum,</strong></span> <span class='ocrx_word' id='word_1_95' title='bbox 566 2418 594 2494; x_wconf 91' lang='lat' dir='ltr'><strong>si</strong></span> <span class='ocrx_word' id='word_1_96' title='bbox 613 2428 814 2517; x_wconf 87' lang='lat' dir='ltr'><strong>corruptum</strong></span> <span class='ocrx_word' id='word_1_97' title='bbox 832 2433 977 2494; x_wconf 92' lang='lat' dir='ltr'><strong>autnon</strong></span> <span class='ocrx_word' id='word_1_98' title='bbox 996 2419 1170 2516; x_wconf 83' lang='lat' dir='ltr'><strong>integrum</strong></span> <span class='ocrx_word' id='word_1_99' title='bbox 1195 2418 1312 2491; x_wconf 92' lang='lat' dir='ltr'><strong>minus</strong></span> <span class='ocrx_word' id='word_1_100' title='bbox 1327 2416 1451 2504; x_wconf 90' lang='lat' dir='ltr'><strong>valeat,</strong></span> 
     </span>
    </p>
   </div>
   <div class='ocr_carea' id='block_1_3' title="bbox 377 2555 1455 2796">
    <p class='ocr_par' dir='ltr' id='par_1_3' title="bbox 377 2555 1455 2796">
     <span class='ocr_line' id='line_1_15' title="bbox 380 2555 1455 2655; baseline -0.006 -22"><span class='ocrx_word' id='word_1_101' title='bbox 380 2557 498 2655; x_wconf 90' lang='lat' dir='ltr'><strong>sicque</strong></span> <span class='ocrx_word' id='word_1_102' title='bbox 509 2557 577 2632; x_wconf 90' lang='lat' dir='ltr'><strong>hile</strong></span> <span class='ocrx_word' id='word_1_103' title='bbox 590 2557 710 2633; x_wconf 86' lang='lat' dir='ltr'><strong>suffusi</strong></span> <span class='ocrx_word' id='word_1_104' title='bbox 722 2558 811 2633; x_wconf 83' lang='lat' dir='ltr'><strong>oculi</strong></span> <span class='ocrx_word' id='word_1_105' title='bbox 824 2557 957 2655; x_wconf 82' lang='lat' dir='ltr'><strong>singula</strong></span> <span class='ocrx_word' id='word_1_106' title='bbox 971 2558 1006 2631; x_wconf 92' lang='lat' dir='ltr'><strong>in</strong></span> <span class='ocrx_word' id='word_1_107' title='bbox 1018 2581 1121 2632; x_wconf 91' lang='lat' dir='ltr'><strong>suum</strong></span> <span class='ocrx_word' id='word_1_108' title='bbox 1133 2557 1288 2633; x_wconf 91' lang='lat' dir='ltr'><strong>colorem</strong></span> <span class='ocrx_word' id='word_1_109' title='bbox 1298 2555 1455 2644; x_wconf 80' lang='lat' dir='ltr'><strong>trahunt3</strong></span> 
     </span>
     <span class='ocr_line' id='line_1_16' title="bbox 377 2681 1454 2796; baseline -0.002 -26"><span class='ocrx_word' id='word_1_110' title='bbox 377 2717 461 2796; x_wconf 81' lang='lat' dir='ltr'><strong>pam</strong></span> <span class='ocrx_word' id='word_1_111' title='bbox 475 2681 585 2793; x_wconf 88' lang='lat' dir='ltr'><strong>prima</strong></span> <span class='ocrx_word' id='word_1_112' title='bbox 604 2695 781 2794; x_wconf 90' lang='lat' dir='ltr'><strong>apueritia</strong></span> <span class='ocrx_word' id='word_1_113' title='bbox 798 2720 862 2772; x_wconf 92' lang='lat' dir='ltr'><strong>usu</strong></span> <span class='ocrx_word' id='word_1_114' title='bbox 878 2700 1042 2772; x_wconf 92' lang='lat' dir='ltr'><strong>continuo</strong></span> <span class='ocrx_word' id='word_1_115' title='bbox 1059 2694 1297 2792; x_wconf 85' lang='lat' dir='ltr'><strong>intelligimus,</strong></span> <span class='ocrx_word' id='word_1_116' title='bbox 1312 2717 1454 2769; x_wconf 88' lang='lat' dir='ltr'><strong>sensum</strong></span> 
     </span>
    </p>
   </div>
   <div class='ocr_carea' id='block_1_4' title="bbox 379 2831 1469 4462">
    <p class='ocr_par' dir='ltr' id='par_1_4' title="bbox 379 2831 1469 4156">
     <span class='ocr_line' id='line_1_17' title="bbox 379 2831 1456 2929; baseline 0.002 -26"><span class='ocrx_word' id='word_1_117' title='bbox 379 2831 415 2904; x_wconf 92' lang='lat' dir='ltr'><strong>in</strong></span> <span class='ocrx_word' id='word_1_118' title='bbox 437 2831 537 2907; x_wconf 92' lang='lat' dir='ltr'><strong>nobis</strong></span> <span class='ocrx_word' id='word_1_119' title='bbox 558 2855 627 2907; x_wconf 90' lang='lat' dir='ltr'><strong>non</strong></span> <span class='ocrx_word' id='word_1_120' title='bbox 648 2833 737 2926; x_wconf 87' lang='lat' dir='ltr'><strong>lieri,</strong></span> <span class='ocrx_word' id='word_1_121' title='bbox 766 2832 833 2907; x_wconf 89' lang='lat' dir='ltr'><strong>nisi</strong></span> <span class='ocrx_word' id='word_1_122' title='bbox 865 2833 908 2907; x_wconf 91' lang='lat' dir='ltr'><strong>sit</strong></span> <span class='ocrx_word' id='word_1_123' title='bbox 939 2833 975 2906; x_wconf 94' lang='lat' dir='ltr'><strong>in</strong></span> <span class='ocrx_word' id='word_1_124' title='bbox 1002 2853 1148 2929; x_wconf 90' lang='lat' dir='ltr'><strong>corpore</strong></span> <span class='ocrx_word' id='word_1_125' title='bbox 1169 2831 1456 2916; x_wconf 81' lang='lat' dir='ltr'><strong>instrumentum,</strong></span> 
     </span>
     <span class='ocr_line' id='line_1_18' title="bbox 381 2969 1458 3068; baseline -0.001 -24"><span class='ocrx_word' id='word_1_126' title='bbox 381 2969 471 3066; x_wconf 89' lang='lat' dir='ltr'><strong>quod</strong></span> <span class='ocrx_word' id='word_1_127' title='bbox 481 2971 766 3067; x_wconf 88' lang='lat' dir='ltr'><strong>autpermedium</strong></span> <span class='ocrx_word' id='word_1_128' title='bbox 776 2982 835 3046; x_wconf 91' lang='lat' dir='ltr'><strong>aut</strong></span> <span class='ocrx_word' id='word_1_129' title='bbox 845 2971 1000 3068; x_wconf 86' lang='lat' dir='ltr'><strong>proxime</strong></span> <span class='ocrx_word' id='word_1_130' title='bbox 1010 2969 1458 3068; x_wconf 85' lang='lat' dir='ltr'><strong>impellatresextraposita.</strong></span> 
     </span>
     <span class='ocr_line' id='line_1_19' title="bbox 381 3107 1455 3206; baseline -0.001 -25"><span class='ocrx_word' id='word_1_131' title='bbox 381 3107 571 3184; x_wconf 88' lang='lat' dir='ltr'><strong>Possumus</strong></span> <span class='ocrx_word' id='word_1_132' title='bbox 584 3108 778 3205; x_wconf 84' lang='lat' dir='ltr'><strong>igiturlalli,</strong></span> <span class='ocrx_word' id='word_1_133' title='bbox 796 3108 826 3184; x_wconf 96' lang='lat' dir='ltr'><strong>si</strong></span> <span class='ocrx_word' id='word_1_134' title='bbox 837 3109 1021 3206; x_wconf 83' lang='lat' dir='ltr'><strong>quandoex</strong></span> <span class='ocrx_word' id='word_1_135' title='bbox 1034 3119 1166 3184; x_wconf 90' lang='lat' dir='ltr'><strong>mutato</strong></span> <span class='ocrx_word' id='word_1_136' title='bbox 1177 3107 1322 3183; x_wconf 92' lang='lat' dir='ltr'><strong>innobis</strong></span> <span class='ocrx_word' id='word_1_137' title='bbox 1338 3131 1455 3192; x_wconf 91' lang='lat' dir='ltr'><strong>sensu,</strong></span> 
     </span>
     <span class='ocr_line' id='line_1_20' title="bbox 384 3248 1462 3347; baseline -0.001 -25"><span class='ocrx_word' id='word_1_138' title='bbox 384 3271 458 3323; x_wconf 92' lang='lat' dir='ltr'><strong>rem</strong></span> <span class='ocrx_word' id='word_1_139' title='bbox 475 3248 585 3346; x_wconf 88' lang='lat' dir='ltr'><strong>ipsam</strong></span> <span class='ocrx_word' id='word_1_140' title='bbox 602 3249 679 3323; x_wconf 89' lang='lat' dir='ltr'><strong>ideo</strong></span> <span class='ocrx_word' id='word_1_141' title='bbox 695 3259 863 3324; x_wconf 89' lang='lat' dir='ltr'><strong>mutatam</strong></span> <span class='ocrx_word' id='word_1_142' title='bbox 877 3248 1058 3324; x_wconf 86' lang='lat' dir='ltr'><strong>inferimus</strong></span> <span class='ocrx_word' id='word_1_143' title='bbox 1073 3275 1081 3321; x_wconf 76' lang='grc' dir='ltr'>ε</span> <span class='ocrx_word' id='word_1_144' title='bbox 1096 3250 1207 3347; x_wconf 94' lang='lat' dir='ltr'><strong>potuit</strong></span> <span class='ocrx_word' id='word_1_145' title='bbox 1219 3248 1315 3324; x_wconf 91' lang='lat' dir='ltr'><strong>enim</strong></span> <span class='ocrx_word' id='word_1_146' title='bbox 1334 3249 1462 3324; x_wconf 89' lang='lat' dir='ltr'><strong>mutari</strong></span> 
     </span>
     <span class='ocr_line' id='line_1_21' title="bbox 386 3385 1464 3465; baseline -0.003 -5"><span class='ocrx_word' id='word_1_147' title='bbox 386 3387 538 3462; x_wconf 91' lang='lat' dir='ltr'><strong>medium</strong></span> <span class='ocrx_word' id='word_1_148' title='bbox 554 3398 612 3462; x_wconf 91' lang='lat' dir='ltr'><strong>aut</strong></span> <span class='ocrx_word' id='word_1_149' title='bbox 624 3386 909 3463; x_wconf 87' lang='lat' dir='ltr'><strong>instrumentum.</strong></span> <span class='ocrx_word' id='word_1_150' title='bbox 925 3387 993 3463; x_wconf 87' lang='lat' dir='ltr'><strong>Sed</strong></span> <span class='ocrx_word' id='word_1_151' title='bbox 1006 3388 1107 3463; x_wconf 89' lang='lat' dir='ltr'><strong>toties</strong></span> <span class='ocrx_word' id='word_1_152' title='bbox 1122 3387 1157 3460; x_wconf 95' lang='lat' dir='ltr'><strong>in</strong></span> <span class='ocrx_word' id='word_1_153' title='bbox 1172 3411 1326 3465; x_wconf 92' lang='lat' dir='ltr'><strong>errorem</strong></span> <span class='ocrx_word' id='word_1_154' title='bbox 1336 3385 1464 3461; x_wconf 80' lang='lat' dir='ltr'><strong>labitur</strong></span> 
     </span>
     <span class='ocr_line' id='line_1_22' title="bbox 387 3524 1463 3624; baseline -0.005 -24"><span class='ocrx_word' id='word_1_155' title='bbox 387 3525 477 3600; x_wconf 89' lang='lat' dir='ltr'><strong>solus</strong></span> <span class='ocrx_word' id='word_1_156' title='bbox 498 3525 709 3617; x_wconf 89' lang='lat' dir='ltr'><strong>intellectus,</strong></span> <span class='ocrx_word' id='word_1_157' title='bbox 734 3548 838 3624; x_wconf 92' lang='lat' dir='ltr'><strong>quem</strong></span> <span class='ocrx_word' id='word_1_158' title='bbox 862 3548 969 3623; x_wconf 91' lang='lat' dir='ltr'><strong>penes</strong></span> <span class='ocrx_word' id='word_1_159' title='bbox 990 3525 1042 3601; x_wconf 84' lang='lat' dir='ltr'><strong>es&#39;t</strong></span> <span class='ocrx_word' id='word_1_160' title='bbox 1056 3525 1126 3600; x_wconf 90' lang='lat' dir='ltr'><strong>veri</strong></span> <span class='ocrx_word' id='word_1_161' title='bbox 1144 3535 1177 3599; x_wconf 89' lang='lat' dir='ltr'><strong>et</strong></span> <span class='ocrx_word' id='word_1_162' title='bbox 1196 3524 1272 3599; x_wconf 87' lang='lat' dir='ltr'><strong>salsi</strong></span> <span class='ocrx_word' id='word_1_163' title='bbox 1288 3524 1463 3622; x_wconf 84' lang='lat' dir='ltr'><strong>judicium</strong></span> 
     </span>
     <span class='ocr_line' id='line_1_23' title="bbox 389 3661 1464 3764; baseline -0.006 -24"><span class='ocrx_word' id='word_1_164' title='bbox 389 3665 569 3764; x_wconf 90' lang='lat' dir='ltr'><strong>omnisque</strong></span> <span class='ocrx_word' id='word_1_165' title='bbox 598 3688 706 3763; x_wconf 92' lang='lat' dir='ltr'><strong>quum</strong></span> <span class='ocrx_word' id='word_1_166' title='bbox 735 3688 849 3764; x_wconf 90' lang='lat' dir='ltr'><strong>prava,</strong></span> <span class='ocrx_word' id='word_1_167' title='bbox 883 3675 959 3738; x_wconf 96' lang='lat' dir='ltr'><strong>tum</strong></span> <span class='ocrx_word' id='word_1_168' title='bbox 991 3667 1082 3757; x_wconf 86' lang='lat' dir='ltr'><strong>justa</strong></span> <span class='ocrx_word' id='word_1_169' title='bbox 1107 3685 1223 3738; x_wconf 91' lang='lat' dir='ltr'><strong>rerum</strong></span> <span class='ocrx_word' id='word_1_170' title='bbox 1256 3661 1464 3743; x_wconf 83' lang='lat' dir='ltr'><strong>aestimati03</strong></span> 
     </span>
     <span class='ocr_line' id='line_1_24' title="bbox 389 3799 1469 3902; baseline -0.001 -25"><span class='ocrx_word' id='word_1_171' title='bbox 389 3803 534 3878; x_wconf 89' lang='lat' dir='ltr'><strong>minime</strong></span> <span class='ocrx_word' id='word_1_172' title='bbox 554 3826 634 3878; x_wconf 89' lang='lat' dir='ltr'><strong>vero</strong></span> <span class='ocrx_word' id='word_1_173' title='bbox 656 3804 827 3902; x_wconf 82' lang='lat' dir='ltr'><strong>decipitur</strong></span> <span class='ocrx_word' id='word_1_174' title='bbox 850 3825 984 3893; x_wconf 88' lang='lat' dir='ltr'><strong>sensus,</strong></span> <span class='ocrx_word' id='word_1_175' title='bbox 998 3805 1056 3898; x_wconf 90' lang='lat' dir='ltr'><strong>qui</strong></span> <span class='ocrx_word' id='word_1_176' title='bbox 1075 3800 1160 3874; x_wconf 88' lang='lat' dir='ltr'><strong>nihil</strong></span> <span class='ocrx_word' id='word_1_177' title='bbox 1182 3800 1255 3897; x_wconf 89' lang='lat' dir='ltr'><strong>ipse</strong></span> <span class='ocrx_word' id='word_1_178' title='bbox 1266 3799 1416 3898; x_wconf 83' lang='lat' dir='ltr'><strong>judicat,</strong></span> <span class='ocrx_word' id='word_1_179' title='bbox 1433 3813 1469 3876; x_wconf 90' lang='lat' dir='ltr'><strong>et</strong></span> 
     </span>
     <span class='ocr_line' id='line_1_25' title="bbox 392 3938 1465 4042; baseline -0.006 -24"><span class='ocrx_word' id='word_1_180' title='bbox 392 3942 504 4018; x_wconf 91' lang='lat' dir='ltr'><strong>solum</strong></span> <span class='ocrx_word' id='word_1_181' title='bbox 520 3943 650 4042; x_wconf 88' lang='lat' dir='ltr'><strong>praebet</strong></span> <span class='ocrx_word' id='word_1_182' title='bbox 668 3943 768 4040; x_wconf 83' lang='lat' dir='ltr'><strong>quasi</strong></span> <span class='ocrx_word' id='word_1_183' title='bbox 789 3955 919 4033; x_wconf 82' lang='lat' dir='ltr'><strong>notam,</strong></span> <span class='ocrx_word' id='word_1_184' title='bbox 934 3962 1037 4038; x_wconf 89' lang='lat' dir='ltr'><strong>quam</strong></span> <span class='ocrx_word' id='word_1_185' title='bbox 1056 3938 1251 4014; x_wconf 88' lang='lat' dir='ltr'><strong>intellectus</strong></span> <span class='ocrx_word' id='word_1_186' title='bbox 1273 3938 1315 4012; x_wconf 94' lang='lat' dir='ltr'><strong>ad</strong></span> <span class='ocrx_word' id='word_1_187' title='bbox 1332 3939 1465 4015; x_wconf 88' lang='lat' dir='ltr'><strong>discer-</strong></span> 
     </span>
     <span class='ocr_line' id='line_1_26' title="bbox 395 4079 933 4156; baseline -0.007 -1"><span class='ocrx_word' id='word_1_188' title='bbox 395 4081 525 4156; x_wconf 89' lang='lat' dir='ltr'><strong>nendas</strong></span> <span class='ocrx_word' id='word_1_189' title='bbox 543 4092 673 4156; x_wconf 87' lang='lat' dir='ltr'><strong>exteras</strong></span> <span class='ocrx_word' id='word_1_190' title='bbox 694 4105 749 4156; x_wconf 89' lang='lat' dir='ltr'><strong>res</strong></span> <span class='ocrx_word' id='word_1_191' title='bbox 763 4079 933 4154; x_wconf 91' lang='lat' dir='ltr'><strong>adhibeat.</strong></span> 
     </span>
    </p>

    <p class='ocr_par' dir='ltr' id='par_1_5' title="bbox 400 4212 1468 4462">
     <span class='ocr_line' id='line_1_27' title="bbox 443 4212 1465 4311; baseline -0.005 -20"><span class='ocrx_word' id='word_1_192' title='bbox 443 4219 490 4293; x_wconf 83' lang='lat' dir='ltr'><strong>Ea</strong></span> <span class='ocrx_word' id='word_1_193' title='bbox 519 4218 625 4293; x_wconf 89' lang='lat' dir='ltr'><strong>ferme</strong></span> <span class='ocrx_word' id='word_1_194' title='bbox 647 4218 750 4293; x_wconf 89' lang='lat' dir='ltr'><strong>luisse</strong></span> <span class='ocrx_word' id='word_1_195' title='bbox 782 4216 818 4290; x_wconf 87' lang='lat' dir='ltr'><strong>in</strong></span> <span class='ocrx_word' id='word_1_196' title='bbox 838 4219 954 4292; x_wconf 93' lang='lat' dir='ltr'><strong>animo</strong></span> <span class='ocrx_word' id='word_1_197' title='bbox 973 4214 1146 4289; x_wconf 82' lang='lat' dir='ltr'><strong>Aristoteli</strong></span> <span class='ocrx_word' id='word_1_198' title='bbox 1176 4213 1345 4311; x_wconf 81' lang='lat' dir='ltr'><strong>conjicere</strong></span> <span class='ocrx_word' id='word_1_199' title='bbox 1372 4212 1465 4287; x_wconf 88' lang='lat' dir='ltr'><strong>licet.</strong></span> 
     </span>
     <span class='ocr_line' id='line_1_28' title="bbox 400 4355 1468 4462; baseline -0.005 -30"><span class='ocrx_word' id='word_1_200' title='bbox 400 4359 482 4436; x_wconf 73' lang='lat' dir='ltr'><strong>«lle</strong></span> <span class='ocrx_word' id='word_1_201' title='bbox 506 4359 618 4438; x_wconf 88' lang='lat' dir='ltr'><strong>colore</strong></span> <span class='ocrx_word' id='word_1_202' title='bbox 641 4358 794 4462; x_wconf 84' lang='lat' dir='ltr'><strong>quidem,</strong></span> <span class='ocrx_word' id='word_1_203' title='bbox 818 4368 856 4431; x_wconf 91' lang='lat' dir='ltr'><strong>ut</strong></span> <span class='ocrx_word' id='word_1_204' title='bbox 871 4356 937 4446; x_wconf 89' lang='lat' dir='ltr'><strong>ait,</strong></span> <span class='ocrx_word' id='word_1_205' title='bbox 959 4355 1094 4454; x_wconf 84' lang='lat' dir='ltr'><strong>judicat</strong></span> <span class='ocrx_word' id='word_1_206' title='bbox 1109 4355 1212 4444; x_wconf 73' lang='lat' dir='ltr'><strong>uisus</strong></span> <span class='ocrx_word' id='word_1_207' title='bbox 1235 4377 1304 4432; x_wconf 93' lang='lat' dir='ltr'><strong>non</strong></span> <span class='ocrx_word' id='word_1_208' title='bbox 1323 4365 1468 4451; x_wconf 81' lang='lat' dir='ltr'><strong>gustus3</strong></span> 
     </span>
    </p>
   </div>
   <div class='ocr_carea' id='block_1_5' title="bbox 0 0 1771 5492">
    <p class='ocr_par' dir='ltr' id='par_1_6' title="bbox 0 0 1771 5492">
     <span class='ocr_line' id='line_1_29' title="bbox 0 0 1771 5492; baseline 0 0"><span class='ocrx_word' id='word_1_209' title='bbox 0 0 1771 5492; x_wconf 95' lang='lat' dir='ltr'><strong> </strong></span> 
     </span>
    </p>
   </div>
  </div>
 </body>
</html>
