3467 5492
827 562 1010 629 ...48-

390 721 440 796 sic
458 743 499 796 cx
528 721 640 796 anima
667 722 840 798 nutriente
863 733 985 798 ceterae
1007 725 1203 800 animarum
1233 727 1354 801 formae
1382 725 1463 801 oriri

389 861 572 953 videntor;
593 884 687 952 nam,
709 862 743 935 in
764 863 1013 956 animantibuS,
1032 875 1197 962 tanquam
1219 864 1257 937 iu
1275 864 1408 962 figuris,
1429 864 1462 935 in

391 1025 431 1076 eo
455 1003 545 1098 quod
563 1001 717 1100 sequitur
734 1026 872 1100 semper
890 1004 1083 1080 continetur
1103 1005 1138 1078 id
1156 1005 1248 1102 quod
1270 1015 1321 1079 est
1339 1003 1433 1102 prius
1453 1031 1462 1077 :

391 1142 644 1240 quadrangulus
659 1142 791 1218 scilicet
806 1143 1028 1242 triangulum,
1044 1157 1077 1220 et
1092 1144 1242 1220 animam
1257 1146 1465 1220 nutrientem

389 1283 503 1356 anima
517 1281 668 1356 sentiens
680 1282 928 1380 complectitur.
943 1283 1156 1381 Quapropter
1169 1283 1203 1356 in
1220 1282 1363 1380 siugulis
1379 1303 1468 1379 quae·

326 1401 332 1418 ’
390 1423 538 1496 rendum
553 1433 615 1513 est,
634 1439 792 1520 quaenam
806 1421 849 1496 sit
864 1423 1031 1520 cujusque
1049 1423 1174 1513 anima,
1199 1423 1291 1496 velut
1309 1402 1467 1519 quaenam

387 1559 431 1632 sit
443 1558 558 1634 anima
576 1559 715 1656 plantae,
737 1582 891 1654 quaenam
910 1558 1042 1648 bestiae,
1059 1582 1218 1657 quaenam
1236 1557 1384 1655 denique
1399 1557 1468 1632 ho·

391 1697 495 1772 minis
512 1702 537 1771 ⁴.

438 1839 475 1913 Si
488 1840 571 1937 quid
588 1840 690 1938 igitur
702 1843 910 1935 ati‚sentire,
924 1855 1046 1943 sponte
1066 1867 1127 1918 sua
1139 1841 1330 1917 moverivel
1348 1840 1471 1915 intetti-

393 2003 473 2077 gere
489 1990 621 2078 potest,
647 1980 681 2055 id
703 2004 805 2057 omne
827 1983 976 2059 efficitur
992 1983 1035 2058 ab
1054 1982 1180 2057 anima.
1198 1982 1274 2056 Non
1296 1993 1411 2054 tamen
1431 2004 1471 2056 ex

393 2120 517 2195 animae
542 2121 666 2196 solari
693 2123 902 2198 ultenatum
931 2146 1075 2220 veraque
1105 2121 1290 2196 substantia
1314 2120 1471 2196 exsistit:

398 2259 559 2354 quaelibet
575 2259 668 2333 enim
689 2263 837 2358 perfecta
855 2274 997 2353 natura,
1014 2262 1064 2336 uti
1086 2285 1125 2335 cx
1143 2261 1270 2351 anima,
1290 2260 1340 2334 sio
1359 2283 1472 2335 coor-

396 2417 480 2496 pore
498 2405 643 2472 constat.
660 2395 748 2474 Nam
765 2377 905 2499 comm,
925 2424 1030 2498 quum
1051 2418 1111 2499 per
1125 2423 1162 2474 se
1177 2414 1273 2474 mera
1290 2399 1336 2473 sit
1353 2407 1475 2496 poten·

393 2537 460 2627 tia,
488 2556 598 2634 nequa
623 2535 690 2612 hoo
716 2559 826 2636 neque
848 2536 933 2613 illud
961 2532 1029 2614 dici
1052 2534 1181 2636 possit,
1213 2537 1310 2612 nullo
1335 2535 1475 2634 quidem

395 2675 499 2752 modo
520 2676 672 2752 eontinet
690 2677 842 2752 animam
864 2678 921 2753 oui
937 2675 1179 2776 conjungitur3
1201 2671 1258 2751 sed
1282 2674 1325 2751 ab
1341 2699 1379 2751 ea
1405 2674 1476 2751 ior-

401 2837 494 2890 mam
513 2826 547 2890 et
561 2816 724 2914 speciem,
738 2831 839 2913 quam
855 2814 970 2907 habet,
985 2815 1120 2914 accipit,
1134 2817 1253 2914 sicque
1267 2816 1474 2905 continetur,

398 2963 453 3049 ut,
474 2957 590 3030 anima
607 2965 785 3053 pereunte,
803 2950 917 3054 ipsum
935 2950 1122 3053 dissipetur
1139 2966 1172 3030 ct
1191 2956 1401 3052 putrescat².

441 3092 574 3172 idcireo
584 3087 679 3171 recte
692 3095 855 3188 sentiunt,
865 3108 903 3171 ut
914 3094 977 3170 fert
990 3093 1106 3194 opinio
1123 3093 1352 3185 Aristotelioa,
1367 3091 1390 3166 ii
1400 3090 1476 3190 qui-

401 3239 466 3312 hus
478 3235 592 3312 anima
606 3255 719 3334 neque
735 3256 809 3311 esse
823 3235 896 3311 sine
907 3252 1063 3334 corpore,
1075 3250 1187 3330 neque
1199 3254 1325 3331 eorpus
1340 3224 1478 3329 aliquod

402 3371 633 3451 esscvidetur.
646 3371 782 3449 Etenim
795 3370 1020 3472 ipsaquidcm
1041 3390 1167 3472 corpus
1183 3336 1331 3464 nonest,
1352 3383 1495 3445 estau·

403 3529 471 3591 tem
483 3517 637 3615 corporis
651 3511 792 3613 aliquid,
805 3526 838 3590 et
852 3513 942 3589 inest
953 3507 998 3588 ob
1009 3508 1075 3588 hoc
1089 3512 1125 3586 in
1137 3525 1293 3608 corpore,
1308 3522 1341 3584 et
1354 3510 1390 3583 in
1405 3524 1483 3583 cor-

395 3807 404 3818 ·
442 3789 452 3824 ¹
472 3775 534 3844 «iet
548 3787 597 3862 γάρ
611 3788 636 3842 ἐν
649 3791 686 3863 τῷ
703 3783 784 3863 ἐφεξῆς
797 3781 910 3862 ὑπάρχει
931 3781 1031 3861 δυνάμει
1054 3787 1084 3840 τὸ
1098 3782 1219 3860 πρότερον
1235 3782 1276 3837 ἐπὶ
1296 3798 1325 3836 τε
1338 3789 1389 3836 τῶν
1407 3797 1481 3852 σχη-

394 3902 488 3976 privor
506 3901 550 3954 καὶ
567 3899 609 3956 nr
626 3906 676 3954 τῶν
687 3897 823 3976 ἐμψύχων,
837 3893 888 3954 οἷον
898 3899 922 3954 ἐν
937 3898 1085 3974 rur-puppup
1100 3895 1144 3973 pir
1164 3887 1299 3970 πρίνινον,
1311 3893 1337 3952 ὢν
1350 3893 1485 3966 αόσθντιννῷ

399 4007 433 4066 δὲ
447 4012 476 4066 τὸ
491 4006 653 4084 θρεπτικόν.»
671 4011 731 4082 Περὶ
744 4007 825 4084 pop,
844 4001 880 4073 ll,
900 4002 930 4076 5,
946 4001 977 4060 6.

398 4107 404 4120 ’
441 4117 453 4150 ¹
473 4119 623 4193 (Δοκεῐγὰρ
637 4118 777 4171 τούναντίον
791 4114 884 4190 μᾶλλον
897 4116 912 4174 ἡ
927 4115 996 4188 puppi
1011 4113 1040 4167 τὸ
1051 4117 1123 4187 σῶμα
1138 4109 1262 4183 συνέχειν·
1273 4108 1413 4174 ἐξελθούσης
1424 4110 1486 4181 γοῦν

404 4227 534 4286 temerare
554 4230 596 4282 καὶ
619 4229 738 4287 σήπεται.
765 4227 795 4280 Εἰ
817 4216 858 4280 οὖν
880 4222 964 4298 ἕτερόν
979 4223 1076 4297 τιμίαν
1095 4223 1174 4281 αὐτὴν
1190 4225 1272 4302 notri,
1291 4221 1365 4276 ἐκεῖνο
1383 4217 1488 4296 poton

409 4338 438 4404 ἂν
454 4337 490 4401 εἴη
505 4339 630 4421 praxea·-
642 4339 700 4412 περὶ
711 4333 793 4408 ψυχι,
806 4327 835 4434 l,¹
846 4326 877 4400 ὅ,
891 4323 971 4414 524.
