3467 5492
734 588 917 652 ..49..

286 756 666 856 comprehendentem,
693 755 926 854 eumdemque
944 754 1160 855 distinguunt
1183 757 1226 834 ab
1251 780 1293 834 eo
1310 757 1369 856 qui

270 894 537 994 ‘comprehendi
563 915 634 969 non
653 893 792 994 potest¹.

336 1033 408 1108 Nec
430 1033 529 1108 aliter
552 1032 835 1132 ipsidcademici
856 1046 1024 1128 censent,
1050 1035 1109 1132 qui
1130 1033 1218 1111 mire
1244 1035 1367 1112 delini-

287 1177 418 1250 tionem
440 1173 541 1248 istam
569 1172 892 1273 comprehensionis
907 1173 1175 1267 commendant3
1194 1173 1261 1250 nisi
1276 1176 1368 1273 quod

287 1309 394 1384 Stoici
417 1309 545 1385 multas
571 1308 740 1408 ejusmodi
759 1310 906 1385 visiones
923 1333 1014 1402 esse,
1037 1310 1257 1410 pertinaciter
1278 1336 1370 1389 asse-

240 1526 241 1530 ,
287 1459 427 1538 verant;
448 1449 662 1540 Academici,
697 1473 739 1524 ne
771 1473 877 1526 unam
900 1451 1041 1549 quidem
1064 1452 1167 1529 talem
1186 1454 1370 1553 contigisse

288 1612 441 1686 unquam
464 1599 523 1668 aut
550 1587 751 1686 contingere
774 1610 884 1687 posse.
909 1589 952 1664 Hi
971 1589 1151 1684 nimirum,
1169 1616 1368 1693 quampro-

288 1726 449 1801 liteantur
463 1749 530 1801 non
547 1750 601 1802 res
616 1727 707 1827 ipsas
723 1727 859 1802 animos
874 1739 1010 1804 nostros
1024 1729 1178 1827 ingredi,
1199 1732 1261 1808 sed
1280 1733 1370 1809 solas

288 1865 465 1944 immissas
484 1892 503 1944 a
522 1871 623 1944 rebus
640 1868 826 1978 imagines,
850 1892 928 1967 quae
946 1869 1150 1969 plerumque
1178 1871 1293 1948 lallere
1315 1895 1369 1950 so·

288 2006 378 2098 lent,
398 2030 462 2083 nec
478 2031 550 2107 pree
569 2030 606 2082 se
623 2017 741 2082 notam
762 2007 893 2095 lerunt,
918 2031 985 2104 qua
1002 2031 1122 2083 verum
1148 2033 1167 2085 a
1190 2011 1276 2087 salso
1296 2012 1369 2088 dis-

290 2157 463 2240 cernatur,
486 2147 565 2223 inde
584 2149 674 2225 effici
693 2149 831 2240 volunt,
854 2158 894 2223 ut
910 2149 1047 2224 nullum
1068 2151 1158 2249 apud
1174 2172 1239 2226 nos
1256 2151 1369 2228 visum

291 2291 586 2388 comprehensum
607 2313 683 2366 esse
702 2290 833 2389 possit,
853 2302 914 2364 aut
937 2313 1059 2379 verum
1080 2291 1200 2366 haberi
1221 2292 1368 2387 debeat3

290 2451 354 2503 nec
375 2439 491 2504 tamen
509 2441 635 2527 negant
653 2429 746 2504 idem
762 2454 866 2530 posse
882 2454 1002 2507 verum
1019 2430 1125 2506 videri
1142 2442 1177 2506 et
1190 2432 1369 2531 probabile

284 2568 457 2667 judicari,
479 2569 559 2668 quia
584 2570 781 2669 «probandi
817 2570 951 2671 species
978 2585 1047 2661 est,
1077 2584 1115 2647 ut
1139 2571 1185 2647 ait
1213 2572 1367 2665 Tullius,

289 2707 504 2807 percipiendi
527 2710 662 2786 nullum
682 2709 821 2808 signum
838 2710 1073 2786 habemus²m

339 2847 539 2924 Academici
562 2849 667 2948 igitur
688 2862 722 2926 et
752 2851 877 2942 Stoici,
898 2861 936 2927 ut
955 2850 1044 2926 inter
1074 2874 1112 2926 se
1134 2853 1176 2928 de
1202 2874 1368 2928 sensuum

290 2989 359 3065 tide
378 2989 563 3083 dissident,
584 2991 633 3067 sie
651 3013 722 3065 uno
737 3014 797 3066 ore
814 2993 1001 3084 affirmant,
1024 3003 1156 3068 etcum
1170 2991 1368 3069 Democrito

291 3129 497 3222 delendunt,
516 3153 661 3228 corpora
680 3129 787 3206 solida
805 3127 927 3206 elabie
943 3131 1048 3207 rebus
1062 3133 1144 3205 etin
1161 3130 1276 3207 anima
1290 3154 1368 3207 ecr-

290 3291 396 3367 porea
418 3268 585 3368 imprimi.
611 3269 787 3357 Quantum
808 3294 890 3347 vero
908 3271 950 3346 ab
969 3293 1090 3346 eorum
1111 3270 1268 3346 omnium
1289 3271 1367 3370 opi-

292 3407 397 3482 nione
417 3407 570 3484 discedat
596 3407 819 3498 Aristoteles
853 3414 982 3510 quippe
1011 3433 1119 3508 quum
1152 3410 1307 3486 animam
1326 3411 1369 3488 ab

291 3546 388 3620 omni
422 3550 645 3622 concretione
679 3547 833 3625 materiae
879 3549 1073 3649 sejunctam
1101 3548 1266 3641 voluerit,
1294 3551 1368 3648 jam

291 3705 395 3758 nemo
424 3706 494 3758 non
515 3685 626 3777 videt3
648 3685 772 3783 idque,
792 3696 832 3760 ut
862 3696 1022 3785 apparet,
1048 3684 1188 3760 nonnisi
1213 3684 1315 3760 rudes
1337 3695 1371 3760 et

292 3821 474 3919 plumbeos
488 3819 693 3921 interpretes
706 3823 857 3921 effugere
875 3823 1000 3923 potuit.
1019 3823 1085 3898 Sed
1099 3821 1266 3922 plerique,
1285 3821 1370 3897 dum

292 3960 451 4036 laborant
470 3975 507 4036 ut
528 3961 688 4038 eamdem
718 3963 913 4040 doctrinam
933 3962 1056 4040 melius
1073 3973 1107 4039 et
1126 3965 1238 4039 verius
1259 3961 1369 4066 expli-

335 4261 343 4295 ί
366 4255 400 4316 V.
416 4253 521 4330 Cicer,
539 4253 686 4330 Lucullus,
698 4211 823 4337 poesim.

334 4368 345 4402 ¹
369 4363 400 4428 V.
414 4361 575 4440 Lucullum,
594 4361 613 4445 S
629 4365 679 4426 ct.
