3467 5492
823 570 1000 636 ..75-

381 737 534 836 prolecto
548 739 639 814 dieat
652 738 863 830 Aristoteles,
881 739 953 836 qui,
972 761 1080 836 quum
1093 736 1129 811 in
1140 736 1246 813 dubio
1256 748 1454 835 poneretur,

303 952 308 962 ,
381 903 438 970 en,
458 879 547 954 sieut
568 889 682 978 parles
698 902 902 977 corporum,
922 880 968 954 ila
994 902 1119 953 sensus
1139 876 1242 953 dividi
1265 877 1400 952 valeant
1420 877 1456 949 in

382 1017 575 1109 inlinitum,
593 1040 662 1091 non
678 1016 752 1091 sine
773 1039 875 1092 eausa
897 1017 1116 1114 pronuntiat,
1137 1017 1189 1090 vel
1202 1015 1366 1090 minimas
1380 1037 1457 1089 cer-

382 1175 504 1250 porum
531 1166 645 1252 parles
668 1177 737 1228 nun
757 1177 794 1230 re
820 1155 961 1251 quidem
977 1178 1056 1228 vera
1076 1155 1214 1240 sentiri,
1243 1154 1303 1229 sed
1323 1176 1458 1250 semper

382 1292 501 1367 sentiri
521 1315 646 1390 posse,
666 1292 812 1390 ideoque
837 1316 955 1368 rerum
970 1291 1186 1368 sensibilium
1208 1315 1342 1369 servare
1354 1305 1459 1367 nulu-

325 1423 328 1430 ’
382 1433 482 1503 ram¹.
503 1430 611 1527 quue
625 1430 707 1506 alibi
731 1432 860 1530 apertis
883 1430 995 1506 verbis
1015 1432 1208 1506 confirmat.
1224 1431 1292 1505 eln
1308 1454 1456 1515 summe,

382 1564 505 1661 inquil,
528 1565 556 1640 si
574 1567 737 1642 sensibile
754 1567 867 1643 selum
887 1578 951 1659 esl,
970 1568 1056 1642 nihil
1070 1569 1172 1643 luerit
1189 1571 1355 1666 prolecto,
1375 1590 1459 1664 quu-

382 1702 476 1777 niam
498 1715 582 1779 tune
602 1705 750 1781 animale
769 1729 837 1780 non
849 1697 990 1798 ¹essent;
1016 1729 1138 1783 sensus
1153 1705 1248 1781 enim
1263 1728 1333 1803 non
1348 1715 1458 1794 esset;

383 1853 485 1940 elque
503 1843 549 1918 itu
566 1867 631 1920 nec
650 1844 836 1932 sensibilia,
853 1869 919 1920 nec
937 1868 1060 1921 sensus
1079 1867 1167 1934 esse,
1184 1848 1328 1920 sortasse
1342 1866 1460 1919 verum

384 1992 474 2056 esset
489 2007 497 2054 :
512 1981 691 2058 sentientis
712 1983 807 2064 enim
826 1982 903 2056 haee
918 1981 1052 2057 allectio
1074 1994 1139 2057 est.
1156 1981 1201 2055 At
1219 1982 1291 2080 ipsu
1308 1980 1461 2078 subjeela

384 2144 460 2217 quae
487 2145 627 2197 sensum
648 2122 796 2216 laniunt,
814 2145 884 2197 nen
903 2145 978 2198 esse
993 2121 1097 2198 etiam
1115 2122 1246 2218 absque
1261 2143 1378 2212 sensu,
1395 2121 1461 2194 hue

384 2259 598 2357 impossibile
622 2270 684 2334 est.
700 2259 831 2335 Sensus
848 2283 999 2358 nemque
1024 2282 1095 2334 nun
1112 2269 1164 2333 est
1177 2259 1251 2356 ipse
1269 2257 1323 2332 sui
1338 2256 1459 2355 ipsius,

343 2443 346 2451 ,
386 2399 445 2473 sed
461 2409 511 2474 est
526 2398 653 2497 aliquid
675 2399 767 2474 eliud
781 2397 884 2474 elium
898 2409 1024 2495 praeler
1037 2421 1190 2490 sensum,
1204 2398 1298 2496 quod
1317 2419 1461 2478 neeesse

386 2546 436 2610 est
447 2537 543 2634 prius
552 2559 653 2612 sensu
664 2535 902 2612 esseMovens
922 2535 1016 2609 enirn
1033 2546 1153 2610 nature
1171 2534 1267 2633 prius
1288 2545 1459 2627 eslmolu‚

387 2688 420 2750 el
433 2675 462 2750 si
476 2677 551 2751 heee
568 2675 611 2752 ud
629 2699 666 2751 se
681 2674 829 2750 invicem
843 2675 972 2750 referre
986 2673 1161 2763 dicuntur,
1179 2674 1460 2750 nihilominus²u

429 2964 438 2998 ¹
462 2968 523 3040 Περὶ
535 2967 649 3027 azaele..
664 2977 690 3020 c.
707 2977 746 3021 v1.

428 3076 440 3108 ¹
463 3079 535 3132 Μετὰ
548 3079 581 3132 τὰ
596 3096 669 3151 eum,
685 3068 704 3132 l.
717 3068 769 3142 lll,
786 3086 813 3128 ο.
829 3085 856 3129 V.
