3467 5492
734 598 917 663 ..53-

276 776 371 863 parte
388 763 571 839 concinere
589 761 675 860 mihi
694 762 851 840 videtur‘l
866 787 942 861 quae
957 785 1066 860 quum
1081 765 1124 838 sit
1143 761 1354 838 etiamnunc

276 904 377 1002 vulgo
395 901 531 995 tradita,
552 901 655 1000 paulo
675 901 784 977 fusius
806 899 978 999 explicare
998 900 1034 974 in
1051 923 1118 997 quo
1135 899 1260 976 Noster
1278 923 1359 974 oum

277 1043 529 1121 recentioribus
545 1040 751 1132 consentiat,
763 1039 867 1137 idque
878 1039 1041 1138 plurimis
1052 1038 1259 1116 testimoniis
1274 1061 1359 1114 oon-

277 1151 432 1276 firmare,
455 1169 570 1280 operae
592 1179 746 1280 pretium
765 1178 841 1255 erit.

329 1321 522 1398 Audiamus
530 1320 636 1418 igitur
648 1330 727 1394 ante
735 1340 855 1394 omnes
867 1316 1061 1392 Cartesium
1076 1318 1359 1416 pronuntiantem

236 1531 237 1534 a
283 1487 301 1534 u
330 1483 399 1535 non
419 1457 657 1536 necessarium
680 1480 755 1533 esse
778 1478 974 1556 supponere
993 1455 1170 1531 materiale
1188 1455 1365 1556 quidpiam

281 1624 322 1677 ex
332 1600 476 1699 objectis
491 1601 534 1675 ad
550 1598 670 1676 oculos
683 1609 819 1674 nostros
833 1621 987 1690 manare,
1003 1610 1042 1673 ut
1051 1598 1171 1673 lumen
1183 1608 1218 1672 et
1230 1597 1364 1673 colores

281 1735 460 1813 videamus
478 1763 487 1828 ;
507 1758 621 1834 neque
641 1735 829 1833 quidquam
850 1735 886 1808 in
904 1733 979 1810 istis
1003 1733 1148 1833 objectis
1164 1756 1252 1824 esse,
1269 1735 1364 1833 quod

284 1875 398 1950 simile
421 1873 467 1949 sit
484 1873 572 1948 ideis
596 1896 681 1970 quas
702 1874 745 1949 de
771 1873 814 1950 iis
832 1883 949 1949 mente
966 1874 1181 1967 formamns3
1202 1873 1364 1971 quemad-

285 2015 430 2089 modum
456 2013 544 2088 nihil
575 2038 615 2090 ex
645 2013 850 2112 corporibus
870 2038 948 2112 quae
980 2037 1072 2090 caeoo
1100 2025 1287 2090 occurrunt
1298 2036 1368 2112 ¹per

286 2154 452 2232 baculum
476 2154 519 2229 ad
547 2177 690 2230 manum
708 2155 801 2231 illius
816 2156 904 2248 fluit,
927 2165 1130 2253 constatque
1147 2165 1285 2231 motum
1310 2164 1370 2229 aut

288 2295 519 2372 resistentiam
534 2295 660 2371 horum
683 2318 881 2395 corporum,
902 2321 978 2396 quae
993 2297 1065 2373 sola
1079 2295 1235 2396 percepti
1250 2318 1371 2370 sensus

289 2447 478 2528 causaest,
509 2435 594 2510 nihil
613 2434 725 2510 simile
752 2434 881 2511 habere
901 2435 998 2528 ideis,
1030 2459 1116 2534 quas
1148 2435 1229 2509 inde
1254 2433 1371 2509 animo
1441 2501 1449 2514 .

289 2575 529 2675 apprehendit.
545 2575 587 2648 Et
604 2575 671 2650 hao
685 2575 816 2651 ratione
832 2586 988 2651 mentem
1004 2575 1213 2652 habebimus
1225 2574 1370 2650 liberam

289 2711 719 2811 ab'omnitusittisenguis
730 2713 926 2790 simulacris
938 2737 1126 2813 peraerem
1136 2713 1370 2805 volitantibus,

290 2877 368 2952 quae
388 2855 517 2953 species
537 2853 787 2928 intentionoles
807 2853 1018 2953 philosophi,
1033 2857 1164 2930 mirum
1178 2853 1214 2928 in
1228 2855 1373 2930 modum

292 2993 334 3068 iis
353 2992 517 3084 devexati,
540 2991 771 3066 nominabant
787 2993 812 3065 ¹.
834 3017 851 3063 o

344 3133 410 3221 Qui
425 3156 534 3231 quum
559 3132 604 3208 ita
631 3133 774 3232 judicat,
802 3141 983 3209 utcontra
1008 3155 1068 3208 eos
1095 3132 1155 3230 qui
1179 3132 1373 3210 Aristotelis

295 3273 484 3373 discipulos
496 3297 534 3349 se
542 3274 668 3363 lerunt,
685 3274 734 3350 sio
749 3297 831 3349 cum
844 3296 924 3349 vero
939 3273 1123 3350 Aristotele
1137 3273 1218 3350 lacit
1231 3274 1372 3350 inscius.

296 3412 402 3510 Cujus
417 3412 557 3510 quidem
575 3414 692 3487 multis
706 3411 743 3486 in
761 3411 846 3487 loeis
857 3412 1066 3488 sententiam
1084 3424 1187 3511 atque
1202 3413 1375 3489 interdurn

298 3552 368 3650 ipsa
383 3550 485 3625 uerba
508 3548 671 3625 eumdem
690 3572 769 3624 vere
794 3550 923 3625 reterre
945 3550 1054 3628 dieas.
1074 3551 1378 3650 «concipiendum

299 3701 360 3774 est,
384 3688 469 3764 dum
492 3711 616 3764 sensus
641 3699 802 3763 externus
822 3699 979 3766 movetur
1001 3689 1045 3765 ab
1067 3690 1209 3786 objecto,
1230 3689 1380 3787 figuram
1486 3694 1492 3704 '

300 3849 405 3925 quam
423 3827 548 3926 recipit
569 3827 695 3902 delerri
714 3828 757 3902 ad
777 3827 880 3903 aliam
899 3828 1054 3927 corporis
1077 3840 1225 3928 partem,
1242 3853 1319 3927 quae
1337 3852 1378 3904 vo
1496 3917 1502 3926 ,

301 3975 400 4039 eatur
412 3987 535 4042 sensus
553 3968 764 4060 communis,
784 3965 909 4042 eodem
922 3965 1063 4042 instanti
1081 3951 1115 4042 et
1127 3967 1258 4066 absque
1276 3966 1379 4043 ullius

302 4101 391 4177 entis
408 4103 508 4179 realis
537 4102 683 4181 transitu
704 4105 748 4180 ab
768 4127 839 4181 uno
861 4104 1015 4183 adalind
1017 4160 1086 4181 .....
1105 4105 1380 4206 concipiendum

346 4370 354 4410 ¹
377 4370 527 4454 Dioptrioe,
539 4390 568 4434 o.
586 4389 611 4450 1,
628 4371 689 4453 Sti.
