3467 5492
725 625 909 688 ..¹75-

276 811 342 882 que
363 788 474 862 ablata
494 786 727 883 longitudine,
748 789 928 862 latitudine
950 798 983 862 et
1005 787 1249 886 profunditate,
1268 761 1353 861 nibil

272 928 443 1024 babemus
472 929 664 1026 reliquum,
681 929 747 1004 nisi
769 930 799 1004 si
820 929 903 1027 quid
918 940 969 1004 est
996 931 1087 1026 quod
1112 929 1154 1003 ab
1173 927 1222 1003 eis
1241 919 1354 1020 deter7

181 1045 186 1056 ³
276 1067 438 1157 minetur,
453 1079 493 1141 ut
504 1072 550 1142 ita
564 1068 875 1160 considerantibus,
890 1068 1073 1144 materiam
1089 1070 1198 1145 solam
1212 1091 1354 1144 necesse

276 1203 321 1277 sit
340 1228 506 1304 apparere
532 1205 825 1312 substantiam.»

324 1342 369 1416 At
387 1343 481 1417 enirn
502 1342 696 1437 Aristoteli,
720 1346 776 1422 oui
806 1367 952 1444 corpora
966 1345 1062 1429 ,nibil
1084 1346 1244 1421 videntur
1267 1367 1353 1438 esse,

276 1479 340 1554 nisi
362 1503 402 1554 ea
418 1505 494 1578 quae
521 1494 667 1581 possunt
689 1485 811 1559 eadere
841 1485 905 1560 sub
934 1509 1074 1578 sensus,
1096 1486 1177 1583 jure
1195 1483 1357 1582 objicitur

275 1621 310 1694 id
341 1621 432 1718 quod
468 1605 640 1698 Cartesius
669 1636 787 1697 eontra
814 1622 925 1697 Henr.
945 1625 1081 1698 Morum
1107 1624 1228 1698 eodem
1253 1621 1356 1697 modo

276 1781 418 1857 corpora
451 1759 673 1835 definientem
703 1761 795 1835 dicit.
816 1761 917 1836 «Res
939 1775 973 1836 te
992 1773 1125 1851 monet,
1145 1761 1257 1859 inquit
1271 1759 1354 1834 Gar-

275 1899 402 1990 esus,
425 1899 455 1972 sa
476 1899 612 1973 dicatur
630 1898 820 1972 subsanna
839 1899 1033 1992 senonas,
1050 1880 1133 1974 runa
1158 1899 1292 1974 uanam
1314 1899 1356 1974 aa

276 2035 479 2112 habitudine
496 2037 539 2111 ad
559 2017 681 2112 sensus
697 2050 854 2130 nostroe,
873 2063 940 2136 qua
960 2037 1091 2112 ratione
1106 2024 1264 2135 quedam
1281 2039 1355 2136 ejus

278 2177 471 2274 proprietas
486 2177 649 2251 duntaxat
669 2177 871 2275 explicatur,
888 2201 958 2253 non
971 2179 1101 2276 integra
1117 2170 1250 2270 natur'a,
1266 2160 1368 2275 quae,

274 2338 383 2412 quum
405 2316 511 2414 possit
526 2314 701 2407 exsistere,
720 2317 875 2413 quamuis
892 2316 977 2391 nulli
997 2317 1158 2392 homines
1177 2317 1351 2404 exsistant,

277 2463 368 2527 certe
386 2475 405 2527 e
425 2452 586 2528 sensibus
607 2454 733 2528 nostris
753 2477 822 2528 non
838 2454 977 2552 pendet.
995 2454 1068 2530 Neo
1082 2445 1226 2552 proinde
1244 2454 1352 2547 video,

170 2656 173 2665 .
276 2607 345 2700 eur·
369 2590 462 2665 dieas
483 2583 557 2664 esse
580 2613 716 2665 summe
740 2581 1003 2687 neeessariam,
1018 2603 1056 2667 ut
1075 2596 1187 2668 omnis
1214 2593 1356 2667 materia

276 2730 320 2805 sit
340 2732 440 2829 plane
457 2715 672 2805 insensibilis
688 2758 696 2822 ;
718 2754 800 2805 narn
815 2744 934 2806 eontra
949 2732 1045 2806 nulla
1064 2744 1114 2808 est
1132 2757 1209 2830 quae
1226 2756 1297 2806 non
1314 2731 1358 2806 sit

277 2873 377 2971 plane
402 2871 633 2962 insensibilis,
652 2873 681 2947 si
700 2883 833 2948 tanturn
857 2873 893 2946 in
923 2885 1035 2970 partes
1058 2896 1244 2948 nervorum
1271 2894 1354 2946 nos-

191 3005 196 3016 ’
277 3023 410 3086 trorum
431 3010 608 3110 particulis
636 3014 745 3087 multo
772 3012 946 3102 minores,
979 3024 1013 3087 et
1036 3010 1186 3110 sin'gulas
1210 3010 1355 3087 seorsim

278 3125 358 3225 satis
378 3149 535 3225 celeriter
552 3151 696 3247 agitatas
722 3149 765 3224 sit
783 3150 889 3224 divisa
902 3150 959 3221 ².»

328 3288 427 3392 Quod
439 3301 555 3366 autem
573 3290 825 3388 sapientissime
836 3289 839 3296 ’
852 3290 1039 3387 respondet
1054 3287 1170 3363 lllorus
1185 3314 1193 3360 :
1211 3287 1358 3373 uQuum

278 3419 374 3504 radix
400 3430 702 3506 rerum'omnium
731 3453 771 3505 ae
795 3429 969 3520 essentia,
992 3430 1028 3502 in
1052 3439 1196 3503 aeternas
1226 3427 1358 3501 defossa

278 3572 379 3647 lateat
409 3571 588 3662 tenebras,
611 3593 686 3645 rem
715 3570 907 3666 quamlibet
934 3569 1128 3646 necessario
1150 3566 1289 3643 definiri
1315 3566 1358 3641 ab

270 3711 481 3800 vhabitudine
502 3711 635 3811 aliqua;
655 3736 731 3810 quae
753 3711 919 3787 habitudo
942 3710 1132 3810 proprietas
1152 3709 1222 3783 diei
1248 3718 1360 3806 potest

279 3851 314 3925 in
332 3851 545 3942 substantiis,
561 3875 669 3949 quum
689 3876 758 3927 non
777 3851 820 3926 sit
834 3849 1093 3926 substantia³...
1110 3875 1142 3940 x,
1161 3849 1229 3924 boo
1246 3846 1359 3943 ipsum

306 4165 331 4225 '¹
356 4181 442 4262 ibid„
458 4184 480 4249 l.
494 4182 543 4262 Vl,
558 4204 587 4248 o.
604 4203 650 4248 111.
736 4144 738 4148 Α

323 4301 334 4361 ².
356 4295 430 4358 Cart.
447 4293 568 4377 Epistola
584 4291 619 4356 ad
634 4292 689 4354 Th.
705 4291 827 4354 Morum.

197 4457 199 4462 ,
269 4393 272 4396 ’
294 4419 297 4426 “
322 4409 333 4442 ³
355 4405 443 4468 Henr.
460 4402 531 4467 llori
547 4399 688 4484 responsio
704 4398 738 4463 ad
750 4399 857 4462 Cartes.
