3467 5492
689 565 869 632 ..gq-

240 708 336 816 'aliud
366 731 546 829 percipere
578 753 736 806 sensum.
770 730 858 816 Quid
887 729 933 803 sit
954 729 1049 802 enirn
1076 749 1218 825 sensus,
1249 752 1324 802 nen·

246 870 329 946 satis
360 871 436 968 ipso
456 892 559 944 sensu
581 880 759 957 tenentuS,
784 867 943 965 nihilque
961 867 1122 956 sentitur,
1146 867 1213 942 nisi
1237 867 1326 942 adsit

245 1009 421 1106 quoddam
450 1009 685 1107 intelligentiae
712 1009 845 1091 lumen,
877 1030 944 1103 quc
975 1031 1018 1090 ne
1046 990 1159 1082 unurn
1185 983 1337 1100 quidem¹

246 1145 573 1230 animaliumcaret.

297 1286 360 1360 Sin
375 1287 486 1383 aliter,
513 1287 606 1362 nulla
634 1284 720 1359 mibi
738 1283 879 1382 quidem
907 1285 1042 1359 videtin
1060 1306 1243 1385 superesse
1260 1284 1325 1375 via,

250 1448 317 1530 qua
332 1425 427 1502 coire
444 1425 480 1500 in
496 1434 654 1500 ununret
672 1422 822 1512 conferri
839 1426 978 1498 intense
997 1424 1129 1498 valeant
1143 1423 1226 1498 varii
1247 1448 1331 1501 sen-

253 1588 331 1660 sus,
354 1563 479 1661 idque,
498 1560 822 1659 etsigrarissimum
841 1564 877 1651 iu
899 1583 937 1634 re
963 1560 1145 1657 praesenti,
1162 1572 1241 1635 ante
1266 1583 1330 1634 nc-

254 1714 365 1780 tatum
400 1703 506 1784 luisse
537 1703 639 1778 crede
664 1725 687 1776 a
716 1701 811 1775 nulle
837 1699 1138 1798 philosophetur-rr.
1163 1699 1335 1785 Quaelibet-

254 1844 351 1930 enirn
373 1867 431 1926 res
446 1867 526 1923 curu
542 1866 579 1918 re
593 1844 658 1919 alia
673 1842 836 1940 componi
847 1841 983 1939 nequit,
997 1841 1064 1916 nisi
1078 1841 1163 1939 quid
1177 1864 1287 1916 unum
1301 1854 1335 1916 et

255 1983 350 2060 idem
370 1995 552 2080 utramque
569 1981 673 2058 simul
687 1982 866 2081 percipere
882 1992 917 2056 et
929 2003 1101 2078 occupare
1113 1980 1235 2060 valeat.

306 2119 515 2200 Aristoteles.
542 2130 678 2216 autem,
709 2120 787 2194 licet
815 2118 963 2193 voluerit
991 2140 1166 2216 quemque
1196 2140 1336 2194 senam

260 2256 413 2331 residere
428 2255 464 2328 in
482 2255 710 2330 instrumento
730 2279 818 2348 suc,
843 2254 931 2328 nihil
951 2249 1161 2352 habetquod
1178 2258 1264 2330 inse
1284 2279 1341 2330 en-

261 2397 356 2494 pulet
369 2395 481 2472 varios
497 2395 638 2473 allectus
658 2397 829 2494 cujusque
844 2419 967 2470 sensus
983 2395 1141 2494 proprios
1154 2406 1188 2470 et
1201 2394 1341 2491 nigrum

261 2533 304 2607 ab
331 2533 427 2628 albe,
457 2542 599 2616 acutum
629 2557 648 2607 a
669 2532 787 2629 gravi,
808 2532 909 2608 dulce
934 2533 983 2607 ab
998 2555 1118 2608 amaro
1147 2533 1342 2609 discernere

263 2671 381 2770 possit.

312 2808 457 2885 Accedit
484 2809 587 2884 illud:
609 2808 638 2888 si
656 2807 802 2906 quisque
816 2830 946 2884 sensus
972 2820 1023 2884 est
1047 2809 1145 2906 quasi
1163 2810 1347 2887 absolutus

263 2947 415 3038 animus
439 2968 554 3044 neque
568 2945 691 3025 alienae
706 2945 782 3042 opis
798 2945 941 3042 indiget,
961 2970 1074 3044 neque
1094 2947 1235 3024 aliunde
1255 2973 1345 3048 pen·

267 3087 350 3177 det,
371 3094 448 3167 tum
461 3083 545 3180 quid
563 3081 612 3156 rei
621 3082 696 3180 jam
711 3081 757 3195 sit
777 3081 968 3161 visuicuur
980 3082 1120 3175 auditu,
1136 3093 1353 3180 gustu·cete-'

269 3221 396 3320 risque
408 3219 590 3312 sensibus?
608 3219 651 3306 Fet
667 3242 742 3324 qua
759 3217 899 3314 tandem
923 3219 1209 3316 societateuineti·
1223 3222 1351 3320 singuli

269 3361 477 3450 conveniant
495 3362 532 3436 in
554 3359 692 3455 unurufl

320 3497 1348 3599 ld·quidemdillreultatisabAristctelenecpretermissum,

272 3661 337 3722 113⁰
356 3638 528 3727 felicium·
546 3637 696 3724 tQuum
717 3637 835 3714 album
853 3649 888 3712 et
901 3638 1019 3730 dulce,
1034 3639 1220 3736 ettsingula
1234 3639 1349 3716 sensi-

273 3776 355 3851 bilia
369 3776 412 3850 ad
422 3775 554 3873 singula
563 3798 821 3873 comparemus,
834 3775 958 3873 inquit,
968 3800 1116 3873 quanam
1132 3801 1169 3852 re
1181 3777 1353 3853 sentimus

276 3936 314 3988 ea
344 3913 510 3988 differre‘l
525 3917 673 3989 Necesse
703 3925 755 3988 est
782 3913 905 4011 utique
920 3914 1055 3992 idlleri
1081 3939 1198 4007 sensu,
1223 3914 1354 4014 quippe

280 4074 390 4148 quum
406 4051 471 4126 -illa
493 4051 670 4127 sensibilia
698 4049 908 4127 sint...s1eri
940 4051 1045 4150 igitur
1066 4073 1137 4127 nen
1156 4062 1288 4150 potest,
1320 4063 1364 4131 ut

280 4187 446 4298 separatis
467 4189 629 4276 sensibus
655 4189 884 4283 discernatur,
903 4191 1004 4266 dulce
1022 4190 1198 4276 diversum
1221 4213 1297 4283 esse
1315 4185 1359 4264 ab

281 4326 358 4402 albo
375 4383 384 4421 ,
404 4328 464 4402 sed
481 4326 670 4424 unicuique
695 4326 746 4401 rei
774 4327 877 4404 ambo
893 4342 1009 4427 patere
1038 4339 1217 4429 oportet...
1239 4328 1367 4407 Ununr
