3467 5492
722 556 897 624 ...83-

262 727 350 803 sorte
373 723 537 824 projectis
551 722 714 798 manibus
734 743 841 818 reque
856 718 1073 812 admonitus,
1096 739 1200 831 suum
1217 719 1344 817 cuique

262 862 314 936 rei
334 861 489 938 colerem
507 859 672 948 tribuere,
694 857 842 954 indeque
855 856 1058 953 dignoscere
1076 857 1111 932 id
1122 857 1346 954 quadrident

227 1078 230 1084 ,
262 1011 296 1074 et
312 998 348 1074 id
366 999 458 1096 quad
474 1008 639 1096 tangunt;
658 1016 836 1093 quumque
851 1017 905 1078 ea,
921 1017 998 1090 quae
1011 995 1259 1093 subjiciantur,
1274 1019 1342 1093 quo

264 1138 420 1236 longius,
439 1161 480 1212 eo
501 1136 676 1212 dillieilius
698 1147 731 1210 et
750 1134 932 1211 obscurius
959 1145 1142 1232 apparent,
1161 1124 1301 1232 'asperti
1321 1159 1341 1208 a

264 1279 406 1376 pueris,
428 1243 544 1352 reram
566 1300 684 1352 rerum
705 1275 980 1372 magnitudinem
1001 1285 1036 1349 et
1060 1273 1343 1372 longinquitatem

254 1428 299 1514 et
320 1416 471 1493 tantilem
491 1415 652 1518 liguram,
669 1437 708 1488 ex
728 1414 837 1512 prima
858 1413 1015 1501 colorum
1033 1411 1138 1495 facie,
1162 1411 1287 1488 melius
1304 1411 1341 1486 in

263 1554 335 1630 dies
355 1553 589 1652 dijudicamus
609 1551 711 1626 :imo
731 1551 827 1627 brevi
844 1572 899 1626 res
919 1549 1030 1659 ipsas,
1060 1561 1098 1624 ut
1117 1562 1197 1626 aunt
1222 1564 1257 1626 et
1280 1550 1341 1628 uhi

263 1703 355 1783 sunt,
374 1690 483 1766 oculis
501 1689 679 1788 percipere
695 1687 946 1764 existimamus
966 1687 1023 1762 Sic
1041 1687 1099 1785 qui
1118 1688 1343 1784 cogitationes

262 1833 429 1930 quasdam
444 1831 547 1909 certis
567 1853 649 1906 cum
668 1829 813 1906 vocibus
833 1830 960 1927 saepius
975 1828 1172 1917 sociaverit,
1194 1828 1223 1904 is
1238 1829 1344 1906 simul

262 1980 363 2066 atque
383 1990 442 2044 eas
461 1989 563 2076 voces
589 1967 716 2043 iterum
737 1966 853 2042 audiet
882 1968 918 2039 in
939 1976 1091 2042 assuetas
1120 1967 1341 2064 cogitationes

265 2108 354 2181 ultro
372 2086 541 2197 incurrat,
556 2106 678 2203 risque
691 2104 1031 2201 sentietsonos-quas
1043 2128 1145 2182 aures
1158 2106 1341 2206 excipient.

264 2244 364 2330 Quod
385 2244 476 2318 idem
497 2243 537 2317 fit
558 2243 642 2316 dum
663 2241 833 2338 legimus,
849 2263 959 2338 quum
980 2242 1146 2337 neglectis
1166 2256 1343 2340 quaesunt

262 2382 297 2454 in
314 2380 568 2472 eculislitteris,
583 2379 646 2456 toti
661 2403 782 2455 sumus
796 2378 831 2454 in
848 2379 1043 2471 sententiis,
1055 2405 1138 2478 quas
1152 2381 1227 2458 sine
1237 2386 1343 2481 scrip·

262 2531 338 2594 tura
360 2520 498 2618 penitus
524 2517 878 2618 introspicerenobis
899 2518 1066 2594 videmur.
1086 2521 1218 2597 Eodem
1239 2523 1342 2620 igitur

262 2659 366 2733 modo
387 2659 534 2758 sphaera,
552 2681 628 2755 quae
647 2659 734 2734 sorte
749 2669 886 2734 nostrus
901 2671 982 2734 ante
1001 2661 1120 2738 oculos
1139 2663 1259 2759 procul
1275 2666 1339 2740 ub-

262 2768 430 2888 versatur,
451 2796 539 2870 nihil
557 2796 650 2871 aliud
665 2796 766 2872 nabis
785 2796 898 2894 primo
913 2809 1053 2902 aspectu
1070 2799 1220 2897 praehet,
1238 2825 1343 2898 quam

261 2935 401 3032 planam
434 2934 564 3009 circuli
593 2934 870 3024 dimensionem,
901 2937 973 3010 sola
999 2937 1156 3025 colorum
1180 2942 1341 3015 varietate

260 3072 478 3165 distinctam;
495 3074 555 3149 sed
572 3096 637 3148 nus
655 3096 744 3171 saepe
758 3073 841 3150 alias
858 3075 987 3174 experti
1003 3075 1124 3173 globus
1140 3078 1205 3153 suh
1217 3080 1341 3155 eadem

262 3211 385 3286 circuli
403 3211 519 3309 specie
543 3211 736 3308 eodemque
755 3211 887 3286 lumine
907 3235 1045 3312 semper
1062 3238 1239 3314 apparere,
1257 3242 1340 3316 pro-

223 3439 228 3448 ·
261 3349 353 3426 tinus
367 3350 493 3426 animis
510 3349 758 3427 substituimus
771 3372 887 3425 veram
900 3354 1044 3452 sphaerae
1058 3355 1217 3452 sormam,
1235 3381 1340 3455 quam

261 3487 414 3584 quidem,
435 3487 488 3563 uti
506 3500 572 3580 est,
592 3488 702 3585 reipsa
726 3488 841 3564 ridere
862 3490 1084 3566 arbitramur.
1113 3493 1266 3592 lndcque
1286 3494 1338 3592 fu,

210 3667 216 3672 -
261 3639 298 3699 ut
320 3624 451 3722 pictor,
479 3626 536 3723 qui
558 3626 704 3724 sphaerae
732 3626 920 3724 imaginem
948 3651 1086 3704 summa
1113 3631 1339 3708 similitudine

261 3762 428 3852 imitatus,
452 3785 515 3838 nos
535 3764 692 3855 adducit,
719 3776 757 3840 ut
774 3765 1009 3842 existimemus
1026 3791 1142 3844 reram
1168 3771 1338 3868 sphaeram

261 3925 337 3978 esse
352 3903 389 3976 in
402 3902 527 3993 tabula,
549 3903 660 3980 aciem
673 3915 828 3980 nostram
844 3905 961 3980 lallare
977 3928 1081 4004 prave
1101 3907 1254 3984 dicatur:
1268 3933 1337 3986 non

261 4047 354 4118 enim
367 4042 449 4118 lallit
457 4041 567 4119 aciem
575 4044 699 4141 ipsam,
713 4043 742 4118 si
754 4043 895 4142 quidem
906 4045 990 4119 nihil
1001 4028 1217 4122 mentiuntur
1231 4051 1337 4143 oculi,

261 4185 320 4283 qui
338 4186 523 4262 coloratam
542 4186 692 4283 elligiem
707 4185 782 4261 sine
799 4187 919 4262 fraude
936 4198 1124 4277 testantur;
1139 4189 1199 4264 sed
1216 4199 1291 4264 tum
1305 4190 1340 4265 in

265 4339 421 4405 errorem
440 4325 643 4417 delabimur,
668 4349 776 4424 quum
795 4326 827 4401 id
851 4328 941 4425 quud
959 4327 1099 4404 venitin
1118 4329 1337 4444 adspectum,
