<?xml version="1.0" encoding="UTF-8"?>
<!DOCTYPE html PUBLIC "-//W3C//DTD XHTML 1.0 Transitional//EN"
    "http://www.w3.org/TR/xhtml1/DTD/xhtml1-transitional.dtd">
<html xmlns="http://www.w3.org/1999/xhtml" xml:lang="en" lang="en">
 <head>
  <title>
</title>
<meta http-equiv="Content-Type" content="text/html;charset=utf-8" />
  <meta name='ocr-system' content='tesseract 3.04.00' />
  <meta name='ocr-capabilities' content='ocr_page ocr_carea ocr_par ocr_line ocrx_word'/>
</head>
<body>
  <div class='ocr_page' id='page_1' title='image "./quaefueritarist00gratgoog_0103.png"; bbox 0 0 3467 5492; ppageno 0'>
   <div class='ocr_carea' id='block_1_1' title="bbox 690 511 901 612">
    <p class='ocr_par' dir='ltr' id='par_1_1' title="bbox 690 511 901 612">
     <span class='ocr_line' id='line_1_1' title="bbox 690 511 901 612; baseline 0 0"><span class='ocrx_word' id='word_1_1' title='bbox 690 511 901 612; x_wconf 52' lang='grc'>4103-</span> 
     </span>
    </p>
   </div>
   <div class='ocr_carea' id='block_1_2' title="bbox 269 701 1341 815">
    <p class='ocr_par' dir='ltr' id='par_1_2' title="bbox 269 701 1341 815">
     <span class='ocr_line' id='line_1_2' title="bbox 269 701 1341 815; baseline -0.004 -23"><span class='ocrx_word' id='word_1_2' title='bbox 269 705 353 792; x_wconf 88' lang='lat' dir='ltr'>cnm</span> <span class='ocrx_word' id='word_1_3' title='bbox 373 727 477 794; x_wconf 85' lang='lat' dir='ltr'>sensu</span> <span class='ocrx_word' id='word_1_4' title='bbox 506 722 671 815; x_wconf 82' lang='lat' dir='ltr'>apparent</span> <span class='ocrx_word' id='word_1_5' title='bbox 692 727 726 790; x_wconf 88' lang='lat' dir='ltr'>et</span> <span class='ocrx_word' id='word_1_6' title='bbox 742 716 965 791; x_wconf 91' lang='lat' dir='ltr'>intercidunt.</span> <span class='ocrx_word' id='word_1_7' title='bbox 988 703 1189 791; x_wconf 67' lang='lat' dir='ltr'><strong>Intellectus</strong></span> <span class='ocrx_word' id='word_1_8' title='bbox 1221 701 1341 790; x_wconf 85' lang='lat' dir='ltr'>contra</span> 
     </span>
    </p>
   </div>
   <div class='ocr_carea' id='block_1_3' title="bbox 191 838 1350 3751">
    <p class='ocr_par' dir='ltr' id='par_1_3' title="bbox 191 838 1350 3751">
     <span class='ocr_line' id='line_1_3' title="bbox 272 838 1340 957; baseline -0.002 -26"><span class='ocrx_word' id='word_1_9' title='bbox 272 859 345 956; x_wconf 81' lang='lat' dir='ltr'>ipse</span> <span class='ocrx_word' id='word_1_10' title='bbox 361 858 426 934; x_wconf 85' lang='lat' dir='ltr'>sibi</span> <span class='ocrx_word' id='word_1_11' title='bbox 444 859 572 935; x_wconf 80' lang='lat' dir='ltr'>sufficit</span> <span class='ocrx_word' id='word_1_12' title='bbox 583 859 629 934; x_wconf 91' lang='lat' dir='ltr'>ad</span> <span class='ocrx_word' id='word_1_13' title='bbox 643 856 816 957; x_wconf 82' lang='lat' dir='ltr'>agendum</span> <span class='ocrx_word' id='word_1_14' title='bbox 834 847 1008 956; x_wconf 78' lang='lat' dir='ltr'>:pertinet</span> <span class='ocrx_word' id='word_1_15' title='bbox 1027 838 1119 932; x_wconf 89' lang='lat' dir='ltr'>enim</span> <span class='ocrx_word' id='word_1_16' title='bbox 1138 841 1178 932; x_wconf 79' lang='lat' dir='ltr'>a&#39;d</span> <span class='ocrx_word' id='word_1_17' title='bbox 1198 857 1340 932; x_wconf 91' lang='lat' dir='ltr'>univer-</span> 
     </span>
     <span class='ocr_line' id='line_1_4' title="bbox 270 982 1340 1094; baseline -0.007 -20"><span class='ocrx_word' id='word_1_18' title='bbox 270 983 371 1089; x_wconf 69' lang='lat' dir='ltr'>salia,</span> <span class='ocrx_word' id='word_1_19' title='bbox 406 998 482 1072; x_wconf 90' lang='lat' dir='ltr'>haec</span> <span class='ocrx_word' id='word_1_20' title='bbox 503 1003 617 1072; x_wconf 83' lang='lat' dir='ltr'>autem</span> <span class='ocrx_word' id='word_1_21' title='bbox 639 996 674 1069; x_wconf 93' lang='lat' dir='ltr'>in</span> <span class='ocrx_word' id='word_1_22' title='bbox 695 995 769 1094; x_wconf 82' lang='lat' dir='ltr'>ipsa</span> <span class='ocrx_word' id='word_1_23' title='bbox 790 991 906 1072; x_wconf 84' lang='lat' dir='ltr'>anima</span> <span class='ocrx_word' id='word_1_24' title='bbox 935 984 1084 1092; x_wconf 85' lang='lat' dir='ltr'>quodadt</span> <span class='ocrx_word' id='word_1_25' title='bbox 1114 982 1218 1069; x_wconf 86' lang='lat' dir='ltr'>modo</span> <span class='ocrx_word' id='word_1_26' title='bbox 1247 1005 1340 1070; x_wconf 89' lang='lat' dir='ltr'>sunt.</span> 
     </span>
     <span class='ocr_line' id='line_1_5' title="bbox 271 1107 1341 1244; baseline -0.003 -34"><span class='ocrx_word' id='word_1_27' title='bbox 271 1116 688 1237; x_wconf 70' lang='lat' dir='ltr'>Quapropterintelligere</span> <span class='ocrx_word' id='word_1_28' title='bbox 696 1107 850 1232; x_wconf 79' lang='lat' dir='ltr'>quidem,</span> <span class='ocrx_word' id='word_1_29' title='bbox 867 1129 975 1230; x_wconf 82' lang='lat' dir='ltr'>quum</span> <span class='ocrx_word' id='word_1_30' title='bbox 985 1123 1170 1244; x_wconf 77' lang='lat' dir='ltr'>quisqd&#39;am</span> <span class='ocrx_word' id='word_1_31' title='bbox 1185 1113 1341 1236; x_wconf 73' lang='lat' dir='ltr'>volderit,</span> 
     </span>
     <span class='ocr_line' id='line_1_6' title="bbox 273 1246 1343 1371; baseline -0.002 -24"><span class='ocrx_word' id='word_1_32' title='bbox 273 1279 383 1371; x_wconf 89' lang='lat' dir='ltr'>penes</span> <span class='ocrx_word' id='word_1_33' title='bbox 413 1273 529 1371; x_wconf 85' lang='lat' dir='ltr'>ipsum</span> <span class='ocrx_word' id='word_1_34' title='bbox 564 1284 636 1348; x_wconf 90' lang='lat' dir='ltr'>est:</span> <span class='ocrx_word' id='word_1_35' title='bbox 664 1249 791 1348; x_wconf 85' lang='lat' dir='ltr'>sentire</span> <span class='ocrx_word' id='word_1_36' title='bbox 820 1246 937 1348; x_wconf 88' lang='lat' dir='ltr'>autem</span> <span class='ocrx_word' id='word_1_37' title='bbox 969 1265 1040 1346; x_wconf 81' lang='lat' dir='ltr'>nun</span> <span class='ocrx_word' id='word_1_38' title='bbox 1068 1251 1175 1370; x_wconf 87' lang='lat' dir='ltr'>penes</span> <span class='ocrx_word' id='word_1_39' title='bbox 1209 1254 1343 1370; x_wconf 62' lang='lat' dir='ltr'>ipsum,</span> 
     </span>
     <span class='ocr_line' id='line_1_7' title="bbox 270 1411 952 1488; baseline 0.003 -3"><span class='ocrx_word' id='word_1_40' title='bbox 270 1435 414 1487; x_wconf 89' lang='lat' dir='ltr'>necesse</span> <span class='ocrx_word' id='word_1_41' title='bbox 428 1423 480 1486; x_wconf 89' lang='lat' dir='ltr'>est</span> <span class='ocrx_word' id='word_1_42' title='bbox 500 1415 594 1486; x_wconf 92' lang='lat' dir='ltr'>enim</span> <span class='ocrx_word' id='word_1_43' title='bbox 608 1411 770 1487; x_wconf 76' lang='lat' dir='ltr'><strong>sensibile</strong></span> <span class='ocrx_word' id='word_1_44' title='bbox 791 1413 952 1488; x_wconf 84' lang='lat' dir='ltr'>adesse⁴.</span> 
     </span>
     <span class='ocr_line' id='line_1_8' title="bbox 296 1529 1343 1651; baseline 0.003 -27"><span class='ocrx_word' id='word_1_45' title='bbox 296 1529 297 1534; x_wconf 22' lang='lat'>¹</span> <span class='ocrx_word' id='word_1_46' title='bbox 322 1550 449 1626; x_wconf 84' lang='lat' dir='ltr'>Sensus</span> <span class='ocrx_word' id='word_1_47' title='bbox 470 1550 618 1649; x_wconf 93' lang='lat' dir='ltr'>denique</span> <span class='ocrx_word' id='word_1_48' title='bbox 635 1551 680 1625; x_wconf 91' lang='lat' dir='ltr'>ita</span> <span class='ocrx_word' id='word_1_49' title='bbox 700 1550 826 1650; x_wconf 81' lang='lat' dir='ltr'>pendet</span> <span class='ocrx_word' id='word_1_50' title='bbox 848 1574 889 1625; x_wconf 86' lang='lat' dir='ltr'>ex</span> <span class='ocrx_word' id='word_1_51' title='bbox 906 1573 1064 1649; x_wconf 90' lang='lat' dir='ltr'>corpore,</span> <span class='ocrx_word' id='word_1_52' title='bbox 1080 1562 1118 1626; x_wconf 90' lang='lat' dir='ltr'>ut</span> <span class='ocrx_word' id='word_1_53' title='bbox 1138 1563 1286 1651; x_wconf 85' lang='lat' dir='ltr'>nequeat</span> <span class='ocrx_word' id='word_1_54' title='bbox 1300 1552 1343 1627; x_wconf 88' lang='lat' dir='ltr'>ab</span> 
     </span>
     <span class='ocr_line' id='line_1_9' title="bbox 273 1664 1347 1789; baseline -0.004 -22"><span class='ocrx_word' id='word_1_55' title='bbox 273 1714 314 1767; x_wconf 89' lang='lat' dir='ltr'>eo</span> <span class='ocrx_word' id='word_1_56' title='bbox 333 1690 435 1768; x_wconf 86' lang='lat' dir='ltr'>dividi</span> <span class='ocrx_word' id='word_1_57' title='bbox 454 1701 487 1765; x_wconf 93' lang='lat' dir='ltr'>et</span> <span class='ocrx_word' id='word_1_58' title='bbox 500 1664 604 1766; x_wconf 87' lang='lat' dir='ltr'>simul</span> <span class='ocrx_word' id='word_1_59' title='bbox 625 1714 707 1765; x_wconf 91' lang='lat' dir='ltr'>cum</span> <span class='ocrx_word' id='word_1_60' title='bbox 722 1713 762 1766; x_wconf 92' lang='lat' dir='ltr'>ec</span> <span class='ocrx_word' id='word_1_61' title='bbox 790 1702 918 1789; x_wconf 90' lang='lat' dir='ltr'>pereat.</span> <span class='ocrx_word' id='word_1_62' title='bbox 938 1691 1135 1767; x_wconf 80' lang='lat' dir='ltr'>Intellectus</span> <span class='ocrx_word' id='word_1_63' title='bbox 1162 1702 1279 1767; x_wconf 92' lang='lat' dir='ltr'>autem</span> <span class='ocrx_word' id='word_1_64' title='bbox 1299 1692 1347 1764; x_wconf 84' lang='lat' dir='ltr'>vi-</span> 
     </span>
     <span class='ocr_line' id='line_1_10' title="bbox 275 1828 1345 1928; baseline 0 -24"><span class='ocrx_word' id='word_1_65' title='bbox 275 1831 378 1904; x_wconf 88' lang='lat' dir='ltr'>detur</span> <span class='ocrx_word' id='word_1_66' title='bbox 392 1851 465 1903; x_wconf 89' lang='lat' dir='ltr'>esse</span> <span class='ocrx_word' id='word_1_67' title='bbox 483 1849 608 1902; x_wconf 87' lang='lat' dir='ltr'>norum</span> <span class='ocrx_word' id='word_1_68' title='bbox 626 1828 797 1924; x_wconf 87' lang='lat' dir='ltr'>quoddam</span> <span class='ocrx_word' id='word_1_69' title='bbox 813 1828 939 1904; x_wconf 89' lang='lat' dir='ltr'>animae</span> <span class='ocrx_word' id='word_1_70' title='bbox 954 1852 1062 1926; x_wconf 85' lang='lat' dir='ltr'>genus</span> <span class='ocrx_word' id='word_1_71' title='bbox 1089 1853 1152 1928; x_wconf 92' lang='lat' dir='ltr'>per</span> <span class='ocrx_word' id='word_1_72' title='bbox 1177 1853 1214 1905; x_wconf 92' lang='lat' dir='ltr'>se</span> <span class='ocrx_word' id='word_1_73' title='bbox 1238 1829 1345 1904; x_wconf 88' lang='lat' dir='ltr'>exsis-</span> 
     </span>
     <span class='ocr_line' id='line_1_11' title="bbox 277 1967 1346 2069; baseline 0.003 -28"><span class='ocrx_word' id='word_1_74' title='bbox 277 1977 371 2059; x_wconf 88' lang='lat' dir='ltr'>tens,</span> <span class='ocrx_word' id='word_1_75' title='bbox 384 1991 449 2043; x_wconf 95' lang='lat' dir='ltr'>nec</span> <span class='ocrx_word' id='word_1_76' title='bbox 467 1967 642 2066; x_wconf 89' lang='lat' dir='ltr'>corrumpi</span> <span class='ocrx_word' id='word_1_77' title='bbox 663 1991 775 2069; x_wconf 86' lang='lat' dir='ltr'>posse.</span> <span class='ocrx_word' id='word_1_78' title='bbox 793 1967 932 2054; x_wconf 86' lang='lat' dir='ltr'>Quoties</span> <span class='ocrx_word' id='word_1_79' title='bbox 949 1968 1044 2045; x_wconf 92' lang='lat' dir='ltr'>enim</span> <span class='ocrx_word' id='word_1_80' title='bbox 1073 1990 1202 2068; x_wconf 90' lang='lat' dir='ltr'>corpus</span> <span class='ocrx_word' id='word_1_81' title='bbox 1225 1993 1346 2066; x_wconf 81' lang='lat' dir='ltr'>aggra-</span> 
     </span>
     <span class='ocr_line' id='line_1_12' title="bbox 278 2096 1347 2208; baseline 0.004 -31"><span class='ocrx_word' id='word_1_82' title='bbox 278 2115 375 2181; x_wconf 91' lang='lat' dir='ltr'>vatur</span> <span class='ocrx_word' id='word_1_83' title='bbox 395 2106 567 2197; x_wconf 89' lang='lat' dir='ltr'>ebrietate,</span> <span class='ocrx_word' id='word_1_84' title='bbox 598 2108 689 2183; x_wconf 89' lang='lat' dir='ltr'>cedit</span> <span class='ocrx_word' id='word_1_85' title='bbox 717 2108 863 2207; x_wconf 89' lang='lat' dir='ltr'>impetui</span> <span class='ocrx_word' id='word_1_86' title='bbox 886 2109 1125 2208; x_wconf 84' lang='lat' dir='ltr'>cupiditatum,</span> <span class='ocrx_word' id='word_1_87' title='bbox 1146 2096 1268 2184; x_wconf 89' lang='lat' dir='ltr'>morbo</span> <span class='ocrx_word' id='word_1_88' title='bbox 1283 2107 1347 2184; x_wconf 87' lang='lat' dir='ltr'>&#39;vel</span> 
     </span>
     <span class='ocr_line' id='line_1_13' title="bbox 284 2245 1350 2346; baseline 0.001 -26"><span class='ocrx_word' id='word_1_89' title='bbox 284 2245 381 2321; x_wconf 91' lang='lat' dir='ltr'>senio</span> <span class='ocrx_word' id='word_1_90' title='bbox 405 2247 555 2344; x_wconf 86' lang='lat' dir='ltr'>laborat,</span> <span class='ocrx_word' id='word_1_91' title='bbox 579 2246 769 2344; x_wconf 83' lang='lat' dir='ltr'>languescit</span> <span class='ocrx_word' id='word_1_92' title='bbox 785 2249 926 2346; x_wconf 91' lang='lat' dir='ltr'>quidem</span> <span class='ocrx_word' id='word_1_93' title='bbox 942 2248 1155 2336; x_wconf 60' lang='lat' dir='ltr'>intellectum</span> <span class='ocrx_word' id='word_1_94' title='bbox 1175 2248 1234 2323; x_wconf 91' lang='lat' dir='ltr'>sed</span> <span class='ocrx_word' id='word_1_95' title='bbox 1250 2247 1350 2322; x_wconf 89' lang='lat' dir='ltr'>toties</span> 
     </span>
     <span class='ocr_line' id='line_1_14' title="bbox 277 2383 1347 2485; baseline 0.002 -27"><span class='ocrx_word' id='word_1_96' title='bbox 277 2383 390 2458; x_wconf 90' lang='lat' dir='ltr'>omnis</span> <span class='ocrx_word' id='word_1_97' title='bbox 408 2383 501 2460; x_wconf 89' lang='lat' dir='ltr'>labes</span> <span class='ocrx_word' id='word_1_98' title='bbox 521 2409 539 2460; x_wconf 94' lang='lat' dir='ltr'>e</span> <span class='ocrx_word' id='word_1_99' title='bbox 557 2408 702 2483; x_wconf 92' lang='lat' dir='ltr'>corpore</span> <span class='ocrx_word' id='word_1_100' title='bbox 718 2385 825 2479; x_wconf 90' lang='lat' dir='ltr'>venit;</span> <span class='ocrx_word' id='word_1_101' title='bbox 839 2387 1105 2485; x_wconf 87' lang='lat' dir='ltr'>necquidquam</span> <span class='ocrx_word' id='word_1_102' title='bbox 1122 2385 1347 2485; x_wconf 87' lang='lat' dir='ltr'>patituripse.</span> 
     </span>
     <span class='ocr_line' id='line_1_15' title="bbox 273 2525 1349 2628; baseline 0.002 -28"><span class='ocrx_word' id='word_1_103' title='bbox 273 2525 370 2600; x_wconf 81' lang='lat' dir='ltr'>lllilril</span> <span class='ocrx_word' id='word_1_104' title='bbox 388 2525 492 2624; x_wconf 80' lang='lat' dir='ltr'>igitur</span> <span class='ocrx_word' id='word_1_105' title='bbox 510 2526 642 2617; x_wconf 89' lang='lat' dir='ltr'>obstat,</span> <span class='ocrx_word' id='word_1_106' title='bbox 662 2527 778 2625; x_wconf 91' lang='lat' dir='ltr'>quina</span> <span class='ocrx_word' id='word_1_107' title='bbox 805 2550 949 2626; x_wconf 89' lang='lat' dir='ltr'>corpore</span> <span class='ocrx_word' id='word_1_108' title='bbox 969 2539 1155 2626; x_wconf 87' lang='lat' dir='ltr'>separetur,</span> <span class='ocrx_word' id='word_1_109' title='bbox 1171 2539 1349 2628; x_wconf 88' lang='lat' dir='ltr'>propterea</span> 
     </span>
     <span class='ocr_line' id='line_1_16' title="bbox 278 2665 1347 2763; baseline 0.002 -24"><span class='ocrx_word' id='word_1_110' title='bbox 278 2665 371 2761; x_wconf 89' lang='lat' dir='ltr'>quod</span> <span class='ocrx_word' id='word_1_111' title='bbox 399 2665 552 2763; x_wconf 89' lang='lat' dir='ltr'>corporis</span> <span class='ocrx_word' id='word_1_112' title='bbox 575 2665 703 2741; x_wconf 93' lang='lat' dir='ltr'>nullius</span> <span class='ocrx_word' id='word_1_113' title='bbox 724 2678 826 2742; x_wconf 89' lang='lat' dir='ltr'>actus</span> <span class='ocrx_word' id='word_1_114' title='bbox 847 2665 936 2758; x_wconf 89' lang='lat' dir='ltr'>sit¹;</span> <span class='ocrx_word' id='word_1_115' title='bbox 963 2666 1123 2763; x_wconf 88' lang='lat' dir='ltr'>idemque</span> <span class='ocrx_word' id='word_1_116' title='bbox 1152 2679 1347 2763; x_wconf 90' lang='lat' dir='ltr'>separatum</span> 
     </span>
     <span class='ocr_line' id='line_1_17' title="bbox 274 2805 1348 2903; baseline 0.002 -26"><span class='ocrx_word' id='word_1_117' title='bbox 274 2805 514 2880; x_wconf 88' lang='lat' dir='ltr'>tantummodo</span> <span class='ocrx_word' id='word_1_118' title='bbox 533 2805 567 2880; x_wconf 94' lang='lat' dir='ltr'>id</span> <span class='ocrx_word' id='word_1_119' title='bbox 578 2818 629 2880; x_wconf 89' lang='lat' dir='ltr'>est</span> <span class='ocrx_word' id='word_1_120' title='bbox 646 2806 738 2903; x_wconf 91' lang='lat' dir='ltr'>quod</span> <span class='ocrx_word' id='word_1_121' title='bbox 751 2817 815 2898; x_wconf 90' lang='lat' dir='ltr'>est,</span> <span class='ocrx_word' id='word_1_122' title='bbox 837 2806 938 2902; x_wconf 91' lang='lat' dir='ltr'>idque</span> <span class='ocrx_word' id='word_1_123' title='bbox 954 2806 1066 2881; x_wconf 90' lang='lat' dir='ltr'>solum</span> <span class='ocrx_word' id='word_1_124' title='bbox 1081 2817 1134 2880; x_wconf 90' lang='lat' dir='ltr'>est</span> <span class='ocrx_word' id='word_1_125' title='bbox 1152 2806 1348 2879; x_wconf 79' lang='lat' dir='ltr'>immortale</span> 
     </span>
     <span class='ocr_line' id='line_1_18' title="bbox 247 2937 1350 3044; baseline 0.004 -28"><span class='ocrx_word' id='word_1_126' title='bbox 247 2937 250 2944; x_wconf 25' lang='lat'><strong>¹</strong></span> <span class='ocrx_word' id='word_1_127' title='bbox 276 2952 310 3017; x_wconf 80' lang='lat' dir='ltr'>et</span> <span class='ocrx_word' id='word_1_128' title='bbox 323 2953 512 3036; x_wconf 78' lang='lat' dir='ltr'>aeternum‚</span> <span class='ocrx_word' id='word_1_129' title='bbox 529 2956 706 3044; x_wconf 75' lang='grc' dir='ltr'>«χωρισθεὶς</span> <span class='ocrx_word' id='word_1_130' title='bbox 718 2952 744 3021; x_wconf 85' lang='grc' dir='ltr'>δ’</span> <span class='ocrx_word' id='word_1_131' title='bbox 758 2955 817 3023; x_wconf 77' lang='grc' dir='ltr'><strong><em>ἐστὶ</em></strong></span> <span class='ocrx_word' id='word_1_132' title='bbox 836 2951 917 3043; x_wconf 79' lang='grc' dir='ltr'>μόνον</span> <span class='ocrx_word' id='word_1_133' title='bbox 938 2954 1014 3022; x_wconf 80' lang='grc' dir='ltr'>τοῦθ’</span> <span class='ocrx_word' id='word_1_134' title='bbox 1031 2950 1099 3044; x_wconf 78' lang='grc' dir='ltr'><em>ὅπερ</em></span> <span class='ocrx_word' id='word_1_135' title='bbox 1113 2954 1185 3026; x_wconf 81' lang='grc' dir='ltr'><em>ἐστὶ,</em></span> <span class='ocrx_word' id='word_1_136' title='bbox 1202 2955 1250 3020; x_wconf 80' lang='grc' dir='ltr'>καὶ</span> <span class='ocrx_word' id='word_1_137' title='bbox 1268 2958 1350 3022; x_wconf 82' lang='grc' dir='ltr'><strong>τοῦτο</strong></span> 
     </span>
     <span class='ocr_line' id='line_1_19' title="bbox 273 3081 1345 3182; baseline -0.004 -22"><span class='ocrx_word' id='word_1_138' title='bbox 273 3089 356 3182; x_wconf 75' lang='grc' dir='ltr'>μόνον</span> <span class='ocrx_word' id='word_1_139' title='bbox 366 3094 506 3162; x_wconf 69' lang='grc' dir='ltr'><em>ἀθάνατον</em></span> <span class='ocrx_word' id='word_1_140' title='bbox 522 3097 571 3160; x_wconf 75' lang='grc' dir='ltr'>καὶ</span> <span class='ocrx_word' id='word_1_141' title='bbox 582 3091 672 3160; x_wconf 68' lang='grc' dir='ltr'><em>ἀίδιον</em></span> <span class='ocrx_word' id='word_1_142' title='bbox 683 3087 730 3157; x_wconf 71' lang='lat'>³.»</span> <span class='ocrx_word' id='word_1_143' title='bbox 745 3083 880 3158; x_wconf 86' lang='lat' dir='ltr'>Idcirco</span> <span class='ocrx_word' id='word_1_144' title='bbox 896 3105 966 3157; x_wconf 96' lang='lat' dir='ltr'>non</span> <span class='ocrx_word' id='word_1_145' title='bbox 975 3084 1048 3182; x_wconf 87' lang='lat' dir='ltr'>jam</span> <span class='ocrx_word' id='word_1_146' title='bbox 1058 3081 1254 3159; x_wconf 90' lang='lat' dir='ltr'>mirandum</span> <span class='ocrx_word' id='word_1_147' title='bbox 1268 3087 1345 3173; x_wconf 91' lang='lat' dir='ltr'>erit,</span> 
     </span>
     <span class='ocr_line' id='line_1_20' title="bbox 191 3197 1346 3320; baseline -0.003 -22"><span class='ocrx_word' id='word_1_148' title='bbox 191 3197 196 3204; x_wconf 34' lang='lat'>¹</span> <span class='ocrx_word' id='word_1_149' title='bbox 275 3222 303 3298; x_wconf 91' lang='lat' dir='ltr'>si</span> <span class='ocrx_word' id='word_1_150' title='bbox 328 3221 480 3297; x_wconf 90' lang='lat' dir='ltr'>inlibris</span> <span class='ocrx_word' id='word_1_151' title='bbox 504 3222 564 3320; x_wconf 91' lang='lat' dir='ltr'>qui</span> <span class='ocrx_word' id='word_1_152' title='bbox 581 3224 625 3297; x_wconf 90' lang='lat' dir='ltr'>ad</span> <span class='ocrx_word' id='word_1_153' title='bbox 647 3245 763 3297; x_wconf 90' lang='lat' dir='ltr'>mores</span> <span class='ocrx_word' id='word_1_154' title='bbox 793 3219 964 3320; x_wconf 87' lang='lat' dir='ltr'>pertinent</span> <span class='ocrx_word' id='word_1_155' title='bbox 974 3223 1001 3312; x_wconf 79' lang='lat'>⁴,</span> <span class='ocrx_word' id='word_1_156' title='bbox 1020 3220 1222 3296; x_wconf 79' lang='lat' dir='ltr'>Aristoteles</span> <span class='ocrx_word' id='word_1_157' title='bbox 1249 3245 1346 3297; x_wconf 94' lang='lat' dir='ltr'>sum-</span> 
     </span>
     <span class='ocr_line' id='line_1_21' title="bbox 276 3360 1349 3460; baseline 0 -26"><span class='ocrx_word' id='word_1_158' title='bbox 276 3384 416 3460; x_wconf 91' lang='lat' dir='ltr'>mopere</span> <span class='ocrx_word' id='word_1_159' title='bbox 441 3361 638 3460; x_wconf 89' lang='lat' dir='ltr'>praecipiat,</span> <span class='ocrx_word' id='word_1_160' title='bbox 657 3385 700 3436; x_wconf 92' lang='lat' dir='ltr'>ne</span> <span class='ocrx_word' id='word_1_161' title='bbox 726 3360 911 3437; x_wconf 91' lang='lat' dir='ltr'>consilium</span> <span class='ocrx_word' id='word_1_162' title='bbox 935 3382 1121 3459; x_wconf 87' lang='lat' dir='ltr'>sequamur</span> <span class='ocrx_word' id='word_1_163' title='bbox 1148 3383 1270 3435; x_wconf 90' lang='lat' dir='ltr'>eorum</span> <span class='ocrx_word' id='word_1_164' title='bbox 1288 3361 1349 3459; x_wconf 89' lang='lat' dir='ltr'>qui</span> 
     </span>
     <span class='ocr_line' id='line_1_22' title="bbox 271 3501 1348 3601; baseline 0 -25"><span class='ocrx_word' id='word_1_165' title='bbox 271 3502 406 3600; x_wconf 83' lang='lat' dir='ltr'>jubent,</span> <span class='ocrx_word' id='word_1_166' title='bbox 422 3525 497 3590; x_wconf 87' lang='lat' dir='ltr'>nos,</span> <span class='ocrx_word' id='word_1_167' title='bbox 512 3512 630 3601; x_wconf 89' lang='lat' dir='ltr'>utpote</span> <span class='ocrx_word' id='word_1_168' title='bbox 639 3501 811 3592; x_wconf 92' lang='lat' dir='ltr'>homines,</span> <span class='ocrx_word' id='word_1_169' title='bbox 819 3501 952 3576; x_wconf 89' lang='lat' dir='ltr'>homini</span> <span class='ocrx_word' id='word_1_170' title='bbox 964 3501 1203 3577; x_wconf 88' lang='lat' dir='ltr'>convenientes</span> <span class='ocrx_word' id='word_1_171' title='bbox 1213 3501 1348 3576; x_wconf 86' lang='lat' dir='ltr'>animos</span> 
     </span>
     <span class='ocr_line' id='line_1_23' title="bbox 276 3639 1349 3751; baseline -0.001 -36"><span class='ocrx_word' id='word_1_172' title='bbox 276 3665 424 3735; x_wconf 91' lang='lat' dir='ltr'>sumere,</span> <span class='ocrx_word' id='word_1_173' title='bbox 461 3665 583 3738; x_wconf 91' lang='lat' dir='ltr'>neque,</span> <span class='ocrx_word' id='word_1_174' title='bbox 617 3643 791 3751; x_wconf 75' lang='lat' dir='ltr'>mortales,</span> <span class='ocrx_word' id='word_1_175' title='bbox 831 3639 1066 3715; x_wconf 90' lang='lat' dir='ltr'>conditionem</span> <span class='ocrx_word' id='word_1_176' title='bbox 1098 3640 1349 3716; x_wconf 85' lang='lat' dir='ltr'>immortalium</span> 
     </span>
    </p>
   </div>
   <div class='ocr_carea' id='block_1_4' title="bbox 317 3971 861 4383">
    <p class='ocr_par' dir='ltr' id='par_1_4' title="bbox 318 3971 762 4058">
     <span class='ocr_line' id='line_1_24' title="bbox 318 3971 762 4058; baseline 0.009 -24"><span class='ocrx_word' id='word_1_177' title='bbox 318 3975 327 4010; x_wconf 85' lang='lat'>¹</span> <span class='ocrx_word' id='word_1_178' title='bbox 351 3978 502 4056; x_wconf 64' lang='lat' dir='ltr'>ssepidwxn</span> <span class='ocrx_word' id='word_1_179' title='bbox 521 3974 541 4036; x_wconf 88' lang='grc' dir='ltr'>Ι.</span> <span class='ocrx_word' id='word_1_180' title='bbox 555 3971 592 4054; x_wconf 84' lang='lat'>11,</span> <span class='ocrx_word' id='word_1_181' title='bbox 606 3994 632 4038; x_wconf 80' lang='grc' dir='ltr'>ο.</span> <span class='ocrx_word' id='word_1_182' title='bbox 650 3993 679 4053; x_wconf 86' lang='lat' dir='ltr'>v,</span> <span class='ocrx_word' id='word_1_183' title='bbox 696 3975 715 4058; x_wconf 67' lang='lat' dir='ltr'>S</span> <span class='ocrx_word' id='word_1_184' title='bbox 731 3978 762 4038; x_wconf 84' lang='grc'>6.</span> 
     </span>
    </p>

    <p class='ocr_par' dir='ltr' id='par_1_5' title="bbox 317 4079 696 4163">
     <span class='ocr_line' id='line_1_25' title="bbox 317 4079 696 4163; baseline 0.011 -22"><span class='ocrx_word' id='word_1_185' title='bbox 317 4085 329 4120; x_wconf 85' lang='lat'><strong>¹</strong></span> <span class='ocrx_word' id='word_1_186' title='bbox 349 4079 437 4157; x_wconf 68' lang='lat' dir='ltr'>Ibid„</span> <span class='ocrx_word' id='word_1_187' title='bbox 452 4079 473 4142; x_wconf 84' lang='lat' dir='ltr'>l.</span> <span class='ocrx_word' id='word_1_188' title='bbox 487 4081 524 4158; x_wconf 84' lang='grc' dir='ltr'>Η,</span> <span class='ocrx_word' id='word_1_189' title='bbox 537 4082 629 4163; x_wconf 76' lang='lat' dir='ltr'>o.1‚§</span> <span class='ocrx_word' id='word_1_190' title='bbox 648 4085 696 4144; x_wconf 59' lang='grc' dir='ltr'>Η.</span> 
     </span>
    </p>

    <p class='ocr_par' dir='ltr' id='par_1_6' title="bbox 318 4187 767 4271">
     <span class='ocr_line' id='line_1_26' title="bbox 318 4187 767 4271; baseline 0 -21"><span class='ocrx_word' id='word_1_191' title='bbox 318 4193 328 4228; x_wconf 80' lang='lat'>³</span> <span class='ocrx_word' id='word_1_192' title='bbox 350 4197 410 4271; x_wconf 77' lang='grc' dir='ltr'>Περὶ</span> <span class='ocrx_word' id='word_1_193' title='bbox 422 4193 504 4270; x_wconf 60' lang='lat' dir='ltr'>pax„</span> <span class='ocrx_word' id='word_1_194' title='bbox 518 4187 539 4253; x_wconf 88' lang='lat' dir='ltr'>l.</span> <span class='ocrx_word' id='word_1_195' title='bbox 552 4188 603 4265; x_wconf 82' lang='lat' dir='ltr'>Ill,</span> <span class='ocrx_word' id='word_1_196' title='bbox 618 4207 645 4250; x_wconf 84' lang='lat' dir='ltr'>(t.</span> <span class='ocrx_word' id='word_1_197' title='bbox 659 4207 688 4264; x_wconf 85' lang='lat' dir='ltr'>v,</span> <span class='ocrx_word' id='word_1_198' title='bbox 705 4188 767 4270; x_wconf 64' lang='lat'>82.</span> 
     </span>
    </p>

    <p class='ocr_par' dir='ltr' id='par_1_7' title="bbox 318 4291 861 4383">
     <span class='ocr_line' id='line_1_27' title="bbox 318 4291 861 4383; baseline -0.007 -19"><span class='ocrx_word' id='word_1_199' title='bbox 318 4303 329 4336; x_wconf 81' lang='lat'>⁴</span> <span class='ocrx_word' id='word_1_200' title='bbox 351 4291 445 4365; x_wconf 58' lang='grc' dir='ltr'>Ἠθικῶν</span> <span class='ocrx_word' id='word_1_201' title='bbox 461 4313 605 4383; x_wconf 57' lang='lat' dir='ltr'>Nauem..</span> <span class='ocrx_word' id='word_1_202' title='bbox 621 4297 643 4360; x_wconf 92' lang='lat' dir='ltr'>l.</span> <span class='ocrx_word' id='word_1_203' title='bbox 656 4298 694 4377; x_wconf 84' lang='lat' dir='ltr'>X,</span> <span class='ocrx_word' id='word_1_204' title='bbox 706 4318 733 4363; x_wconf 77' lang='grc' dir='ltr'>θ.</span> <span class='ocrx_word' id='word_1_205' title='bbox 748 4316 800 4362; x_wconf 84' lang='lat' dir='ltr'>vu.</span> <span class='ocrx_word' id='word_1_206' title='bbox 860 4321 861 4324; x_wconf 76' lang='grc'>’</span> 
     </span>
    </p>
   </div>
   <div class='ocr_carea' id='block_1_5' title="bbox 0 0 1746 5492">
    <p class='ocr_par' dir='ltr' id='par_1_8' title="bbox 0 0 1746 5492">
     <span class='ocr_line' id='line_1_28' title="bbox 0 0 1746 5492; baseline 0 0"><span class='ocrx_word' id='word_1_207' title='bbox 0 0 1746 5492; x_wconf 95' lang='lat' dir='ltr'> </span> 
     </span>
    </p>
   </div>
  </div>
 </body>
</html>
