3467 5492
748 584 924 648 ..13-

294 740 572 840 comprehendit,
600 738 731 815 scilicet
750 739 786 813 in
807 761 848 814 eo
869 738 927 836 qui
944 739 1143 814 inscribitur
1158 739 1210 812 De
1234 741 1364 829 anima,

294 883 403 981 inque
436 882 510 958 aliis
541 883 696 956 eamdem
730 904 804 956 rem
838 881 1103 971 tractantibus⁴,
1138 889 1228 955 totus
1258 880 1365 954 estin

294 1018 500 1118 explicandis
514 1019 672 1094 sensibus
686 1019 745 1116 qui
762 1018 805 1094 ad
828 1041 883 1093 res
904 1027 1035 1093 exteras
1052 1022 1239 1115 pertinent,
1256 1038 1366 1115 neque

292 1159 389 1246 alim,
410 1158 478 1234 nisi
496 1157 619 1246 obiter,
637 1155 786 1254 attingit.

339 1298 468 1373 Verum
488 1297 582 1372 enim
598 1296 633 1370 id
653 1319 763 1370 unum
795 1296 885 1370 circa
917 1298 1007 1393 quod
1040 1306 1193 1372 uersatur
1222 1302 1367 1397 quaestio

193 1519 194 1522 Ἴ
292 1433 521 1518 Aristotelica,
544 1457 651 1533 quum
672 1434 717 1508 sit
738 1457 799 1532 per
817 1455 853 1506 se
871 1433 1011 1507 maximi
1033 1436 1213 1524 momenti,
1234 1450 1267 1513 et
1285 1440 1366 1536 phi-

290 1572 451 1670 losophos
483 1583 558 1646 tum
590 1583 731 1661 vetereS,
759 1582 834 1670 turn
869 1571 1076 1646 recentiores
1112 1572 1303 1650 distraxerit
1329 1577 1364 1650 in

291 1709 609 1801 variassententias,
627 1719 825 1784 accuratam
837 1706 1149 1783 considerationem
1164 1713 1363 1810 expostulat3

290 1869 353 1920 nec
375 1848 491 1922 minus
519 1859 558 1921 ut
584 1858 698 1945 pateat
725 1846 806 1943 quid
833 1847 908 1943 ipse
934 1845 1090 1936 senserit,
1111 1871 1213 1943 quarn
1232 1862 1271 1923 ut
1289 1873 1364 1924 cer-

289 1965 363 2062 tum
381 1977 456 2079 'fiat
490 1986 573 2084 quid
593 1985 809 2060 sentiendum
828 1985 884 2059 sit.
913 1984 991 2058 Non
1012 1971 1105 2058 enirn
1136 1987 1257 2062 eadem
1275 1989 1364 2064 circa

289 2150 410 2202 sensus
444 2123 636 2199 instituisse
672 2121 843 2196 videbitur
871 2110 1069 2198 Aristoteles
1103 2124 1134 2198 ei
1164 2129 1220 2222 qui
1254 2125 1365 2222 ipsius

288 2265 420 2362 scripta¹
450 2261 569 2359 legerit
596 2271 630 2334 et
663 2259 709 2332 illi
732 2259 792 2357 qui
819 2259 976 2333 animum
1006 2259 1160 2335 intendet
1183 2265 1297 2336 solum
1322 2264 1364 2337 ad

289 2399 534 2479 commentaria
555 2421 631 2496 quae
652 2411 720 2470 tam
739 2396 838 2471 multi
857 2401 1059 2495 interpretes
1075 2397 1275 2497 discipulina
1294 2425 1363 2475 non

288 2538 446 2616 satis'frdi
468 2538 502 2611 in
526 2559 606 2610 eum
638 2546 925 2630 composuerunt.
950 2535 1057 2633 quue
1086 2538 1259 2634 imprimis
1276 2539 1363 2613 mihi

287 2677 407 2776 injecit
438 2685 602 2762 mentem,
637 2684 675 2746 ut
700 2672 790 2746 lianc
819 2672 926 2746 nimis
947 2673 1130 2748 obscuram
1151 2686 1185 2748 et
1203 2698 1363 2772 perverse

288 2814 490 2912 explicatam
525 2809 718 2884 doctrinam
742 2809 777 2880 iu
805 2809 980 2906 integrum
1000 2810 1237 2898 restituerem,
1259 2813 1365 2888 resti-

287 2961 464 3046 tutamque
485 2972 524 3023 ex
546 2946 779 3021 recentiorum
798 2946 946 3021 inventis
959 2947 1158 3046 judicioque
1174 2974 1252 3026 meo
1272 2957 1362 3028 aesti-

288 3111 383 3164 mare
403 3100 582 3163 tentarem.
711 3177 713 3180 Ι

335 3227 453 3324 Ipsum
475 3248 554 3301 vero
574 3247 692 3300 rerum
704 3225 878 3314 ordinem,
894 3225 937 3298 ab
950 3223 1132 3302 Aristotele
1150 3228 1361 3321 institutum,

287 3387 420 3441 servare
431 3385 641 3461 magnopere
654 3361 812 3435 relentls
826 3383 989 3459 namque,
1011 3375 1182 3453 naturam,
1200 3376 1363 3459 tanquam

288 3506 454 3599 optimam
473 3503 616 3592 ducem,
645 3513 799 3594 secutus,
824 3514 916 3575 recte
936 3514 1066 3590 monet,
1093 3517 1129 3579 ut
1154 3505 1364 3602 quicumque

287 3630 330 3702 de
349 3627 519 3702 sentiendi
542 3627 700 3702 lacultate
719 3627 854 3724 quaerit,
879 3629 1051 3726 proiectus
1068 3630 1112 3704 ab
1129 3630 1171 3704 iis
1192 3655 1281 3728 quae,
1300 3656 1362 3709 na-

289 3778 365 3840 tura
387 3767 525 3864 quidem
556 3765 771 3856 obscuriora,
794 3768 894 3842 nobis
925 3780 1041 3842 tamen
1059 3769 1190 3844 notiora
1210 3781 1302 3861 sunt,
1321 3772 1366 3846 ad

288 4037 393 4105 ercp„
411 4023 460 4096 ΠΙ,
477 4024 513 4082 15
520 4043 528 4096 ;
543 4021 604 4095 Vll,
621 4024 638 4082 7
655 4033 681 4082 el
695 4023 726 4082 8.
749 4057 785 4066 -
808 4013 903 4104 ῥητορ.
927 4023 956 4098 l,
975 4025 1014 4084 10
1031 4034 1058 4084 et
1076 4027 1124 4086 ll.
1139 4057 1176 4072 -·
1198 4037 1255 4108 ssepi
1271 4033 1361 4092 ὕπνον.

288 4132 313 4206 l,
328 4129 347 4210 S
362 4134 410 4206 ll;
430 4131 467 4206 ll,
483 4129 584 4211 S5.-
595 4140 653 4214 Περὶ
668 4140 740 4211 Ζῴων
756 4140 888 4202 κινήσεως,
904 4131 952 4206 Vl,
964 4130 984 4211 S
994 4134 1128 4215 li.-nrpt
1138 4143 1250 4211 crioilo„
1264 4137 1287 4211 l,
1299 4135 1321 4216 S
1332 4140 1362 4200 5.

331 4243 340 4276 ¹
363 4238 397 4299 V.
415 4247 626 4320 llrpiaicbn‘nm-
640 4249 699 4320 ssepi
711 4249 860 4322 peripate-
874 4251 933 4323 ssepi
948 4246 1081 4303 ὕπνων.-
1090 4253 1150 4325 llrpi
1166 4257 1211 4312 τῆς
1228 4252 1280 4307 καθ’
1289 4251 1365 4307 ὕπνον

289 4360 418 4428 μαντικῆς.
434 4380 472 4394 -
488 4357 546 4430 Περὶ
557 4355 710 4431 χρωμάτων.
724 4383 761 4398 -
773 4360 832 4433 ssepi
846 4360 987 4413 ἀκουστῶν.
