3467 5492
570 1423 758 1520 Clausula
784 1429 909 1521 totius
938 1430 1084 1549 operis.

335 2363 600 2463 Decursoquem
613 2363 1366 2464 mihiproposueram'rerumquaerendarum

286 2501 419 2595 ordine,
441 2503 612 2600 reliquum
631 2514 684 2578 est
701 2513 739 2580 ut
753 2527 930 2579 summam
948 2505 1098 2580 breviter
1113 2509 1316 2584 contraham
1331 2523 1364 2586 et

191 2647 194 2654 ’
285 2640 477 2717 clausulam
491 2641 669 2742 imponam
683 2642 918 2741 disputationi.

336 2770 503 2868 Quaenam
520 2782 573 2857 via
592 2781 724 2859 homini
739 2785 852 2880 detur,
877 2795 913 2858 ut
927 2794 1044 2859 mente
1064 2783 1187 2882 capiat,
1204 2810 1280 2883 quaa
1298 2788 1366 2863 sint

285 2934 319 2996 ot
345 2925 463 3023 quales
494 2947 549 2999 res
581 2925 682 3000 dictae
710 2925 913 3023 corporeae?
929 2925 1004 2999 Hoc
1031 2937 1105 3000 erat
1129 2938 1232 3024 eaput
1252 2952 1364 3026 quaes-

284 3061 389 3136 tionis
401 3063 533 3162 positae,
550 3063 594 3138 de
608 3087 674 3160 qua
690 3063 889 3163 philosophi
903 3063 950 3137 ita
968 3063 1173 3140 dissensisse
1190 3065 1358 3157 videntur,

271 3211 321 3274 ,ut
340 3200 393 3273 vix
410 3212 639 3278 numerentur
659 3203 802 3279 diversae
816 3203 980 3296 rationes,
994 3226 1078 3302 quas
1097 3203 1363 3304 omnitempore

284 3341 375 3417 circa
396 3365 520 3418 sensus
544 3343 738 3419 instituere.
763 3343 889 3418 Docuit
915 3343 1007 3417 enim
1037 3343 1256 3419 Democritus
1281 3367 1363 3421 con-

282 3481 378 3559 tinuo
393 3506 571 3581 emergere
586 3485 823 3585 ecorporibus
831 3483 1033 3576 simulacra,
1044 3507 1120 3582 quae
1140 3483 1291 3560 similem
1308 3509 1364 3560 re-

282 3645 361 3700 rum
381 3624 532 3700 sormam
551 3625 660 3699 menti
693 3648 756 3723 per
784 3625 918 3720 singula
938 3647 1104 3699 sensuum
1134 3624 1364 3700 instrumenta

281 3765 438 3840 afferant.
454 3764 561 3840 Stoici
574 3789 655 3841 vero
673 3777 707 3841 et
718 3763 919 3840 Academici
930 3764 1060 3864 pariter
1073 3787 1153 3842 cum
1168 3764 1364 3840 Democrito

281 3909 439 3999 voluere,
469 3928 615 4004 corpore
635 3906 744 3981 solida
757 3904 847 3980 elabi
867 3928 886 3980 e
908 3905 1011 3980 rebus
1032 3903 1123 3979 etin
1146 3903 1261 3979 anima
1284 3926 1366 3978 ocr-

193 4049 196 4060 '
281 4072 385 4150 porea
418 4017 597 4148 imprimi,
627 4069 692 4124 nec
715 4057 831 4122 tamen
851 4044 962 4142 magis
990 4044 1087 4119 inter.
1102 4067 1139 4119 se
1159 4066 1263 4141 quam
1284 4065 1366 4118 cum

281 4192 479 4269 Democrito
496 4191 718 4269 consentiunt
734 4190 777 4265 de
793 4210 961 4264 sensuum
974 4186 1055 4279 fide,
1068 4209 1152 4284 quos
1164 4184 1221 4260 alii
1236 4192 1362 4279 certos

285 4335 342 4416 alii
365 4359 442 4413 esse
464 4338 564 4412 lalsos
589 4333 756 4412 dubiosvc
777 4340 907 4408 tenent.
926 4327 1062 4407 Placuit
1085 4337 1201 4404 autem
1226 4322 1368 4402 Averroi

1244 4478 1260 4542 l
