3467 5492
741 567 932 632 *109-

305 768 375 820 non
392 745 437 819 ita
452 743 603 819 sehabet
619 741 820 837 utperiecta
844 738 889 812 sit
905 748 939 813 et
956 737 1119 814 omnibus
1135 737 1207 814 suis
1224 739 1381 814 numeris

304 884 446 981 expleta,
460 880 603 980 ipsaque
621 889 741 978 peccat
755 879 791 952 in
807 877 941 952 multis.

352 1023 387 1098 Si
402 1021 478 1119 quis
498 1030 613 1094 autem
631 1017 782 1115 requirat
800 1041 840 1091 ex
859 1039 929 1114 quo
944 1017 1039 1091 fonte
1055 1017 1178 1092 cadant
1198 1038 1332 1092 errores
1344 1018 1379 1091 in

304 1182 392 1256 quos
409 1158 545 1233 videtur
559 1155 722 1230 incidisse
739 1208 747 1238 ‚
765 1155 852 1230 hanc
865 1178 971 1228 unam
989 1145 1057 1230 cito
1074 1153 1384 1252 reperietcausam

303 1297 372 1371 vitii
403 1297 531 1383 fuisse,
562 1295 653 1393 quod
675 1293 829 1392 posuerit
849 1317 867 1368 a
898 1292 1071 1391 principio
1092 1303 1125 1367 et
1149 1292 1382 1370 indubitatum

302 1437 484 1529 habuerit,
504 1460 644 1512 sensum
665 1458 738 1510 esse
757 1434 964 1509 nonnullam
986 1413 1217 1530 cognoscendi
1237 1435 1380 1510 faculta-

302 1583 385 1649 tem.
409 1572 548 1648 Constat
563 1571 657 1648 enim
675 1594 797 1646 sensus
818 1570 905 1644 nihil
919 1572 995 1646 esse
1014 1569 1082 1645 nisi
1095 1571 1241 1648 affectus
1253 1574 1380 1666 varios,

301 1714 427 1811 quibus
438 1706 638 1790 'commotus
654 1712 794 1787 animus
809 1712 1059 1810 expergiscitur
1079 1736 1246 1807 esomno,
1276 1727 1314 1791 ut
1335 1717 1380 1793 ita

299 1854 432 1942 dicam,
468 1865 502 1929 et
530 1877 570 1930 ex
607 1877 645 1928 se
669 1852 778 1928 cietur
799 1852 841 1926 ad
864 1852 1145 1950 percipiendum.
1181 1853 1380 1932 Aristoteles

280 1975 429 2084 autem,
449 1991 532 2067 dum
552 2013 694 2067 sensum
714 1994 857 2064 omnino
876 1990 1069 2089 simplicem
1090 2001 1199 2090 putat,
1220 1972 1284 2069 nec
1300 1995 1380 2070 satis

299 2127 440 2205 videtin
461 2154 501 2206 eo
524 2131 581 2228 qui
597 2129 702 2240 sentit
715 2129 805 2203 aliud
826 2151 900 2203 esse
921 2128 1017 2226 pati,
1039 2128 1132 2204 aliud
1151 2151 1376 2228 cognoscere,

300 2293 341 2345 eo
366 2269 581 2376 perducitur,
602 2279 642 2344 ut
659 2267 820 2342 desendet
842 2288 905 2341 nos
924 2291 1026 2366 posse
1054 2271 1127 2343 soto
1152 2270 1255 2345 sen-su
1273 2295 1382 2368 quum

300 2430 487 2506 corporum
509 2406 743 2482 exsistentiam
758 2404 910 2497 inferre,
930 2416 1005 2481 tum
1020 2405 1180 2504 figuram,
1202 2409 1378 2508 magnitu-

300 2547 431 2639 dinem,
470 2569 657 2622 numerum
689 2556 895 2642 motumque
927 2567 1053 2620 rerum
1081 2546 1278 2640 aestimare3
1305 2549 1376 2625 imo

300 2686 459 2760 nonnihil
479 2687 619 2782 derogat
639 2707 679 2760 ex
699 2685 765 2759 fide
784 2660 953 2759 sensuum
978 2683 1013 2757 in
1043 2706 1129 2781 quos
1153 2688 1230 2762 ficta
1247 2690 1380 2766 confert

298 2825 556 2924 imaginationis
584 2836 795 2901 commenta.
828 2825 949 2924 Neque
981 2824 1095 2902 eidem
1129 2828 1379 2906 conscientiam

298 2966 436 3063 neganti
457 2966 525 3041 ulla
543 2965 596 3038 via
617 2975 735 3058 restat,
752 2989 817 3062 qua
834 2987 959 3041 sensus
972 2964 1057 3039 varii
1070 2977 1196 3042 coeant
1213 2967 1248 3041 in
1266 2992 1376 3045 unum

298 3117 330 3180 et
352 3105 573 3180 conserantur
589 3104 681 3183 inter
698 3127 753 3179 se:
775 3104 803 3179 is
815 3103 909 3180 enim
927 3126 1033 3201 quem
1052 3104 1116 3180 sihi
1136 3105 1234 3204 fingit
1254 3130 1376 3186 sensus

297 3244 516 3340 communis,
533 3243 620 3317 nihil
641 3266 715 3318 esse
733 3253 865 3341 potest,
895 3242 963 3318 nisi
986 3254 1079 3319 certa
1096 3267 1178 3343 pars
1206 3246 1373 3343 corporis

296 3404 372 3478 quae
411 3382 529 3456 sedem
566 3381 779 3480 praecipuam
815 3391 848 3455 et
885 3402 1073 3455 commune
1105 3384 1373 3457 instrumentum

295 3515 421 3591 animae
442 3517 606 3615 praebeat.

343 3654 391 3728 Ea
406 3664 521 3728 autern
536 3653 585 3728 vis
606 3677 797 3746 sensuum,
817 3677 922 3752 quam
935 3653 986 3728 sic
1004 3651 1149 3729 nimiam
1162 3653 1255 3744 iacit,
1277 3655 1371 3731 idem

294 3793 419 3867 nonita
436 3801 549 3890 auget,
563 3803 602 3867 ut
616 3816 737 3868 omnes
752 3802 866 3890 partes
880 3792 1074 3866 intellectus
1089 3792 1245 3890 proprias
1258 3796 1371 3870 susci-

296 3930 394 4029 piant
414 3952 549 4005 sensus.
572 3928 724 4004 Necesse
743 3939 795 4004 est
813 3927 920 4019 enim,
952 3935 991 4001 ut
1003 3927 1077 4025 ipse
1090 3926 1235 4024 judicat,
1252 3952 1374 4006 sensus

243 4155 247 4161 ,
297 4093 371 4145 esse
392 4070 428 4142 in
447 4069 575 4167 quibus
589 4069 722 4144 nitatur
738 4068 946 4156 intellectus,
960 4065 1019 4142 sed
1032 4064 1078 4139 ita
1097 4076 1136 4139 ut
1152 4064 1237 4140 nihil
1255 4089 1376 4142 secum

295 4209 451 4296 afferant,
473 4207 540 4281 nisi
555 4207 737 4282 materiam
749 4207 807 4282 cui
824 4205 1023 4281 intellectus
1037 4204 1184 4279 formam
1201 4203 1375 4297 adhibeat

294 4357 498 4446 tantumque
512 4347 642 4442 ¹abest,
667 4355 707 4426 ut
727 4343 808 4420 velit
822 4343 859 4425 in
881 4366 987 4429 sensu
1003 4339 1084 4422 saris
1098 4363 1174 4421 esse
1188 4342 1232 4417 ad
1245 4341 1372 4418 intelli-
