3467 5492
842 575 1014 644 ...88-

393 743 497 844 igitur
505 743 596 852 dicat
614 753 761 841 oportet,
780 744 964 820 eadiversa
982 767 1099 821 esse...
1122 767 1179 821 res
1198 743 1467 844 ergoindividua

396 895 431 958 et
451 893 607 980 tempore
629 881 805 957 individuo
822 880 1047 957 discernit¹u>
1294 964 1296 967 ,

443 1024 510 1098 Sed
530 1023 639 1121 qubm
657 1023 701 1097 ita
720 1023 901 1121 profitetur
917 1035 951 1098 et
977 1023 1110 1099 ratione
1137 1024 1356 1101 manifestum
1374 1027 1465 1123 lacit,

391 1162 523 1236 nullam
542 1167 719 1251 naturam,
739 1161 803 1236 nisi
826 1185 932 1236 unam
949 1171 985 1235 et
1006 1162 1224 1261 simplicem,
1246 1187 1463 1263 componen-

394 1301 519 1374 dorum
527 1298 617 1373 inter
629 1321 666 1373 se
676 1321 845 1407 sensuum
855 1309 971 1397 partes
985 1298 1262 1398 obtinereposse,
1280 1301 1466 1398 quemdam

389 1461 615 1514 communem
636 1459 779 1512 sensum
797 1437 977 1534 excogitat,
998 1438 1181 1534 quemsibi
1202 1439 1357 1514 subsidio
1371 1462 1467 1515 com-

391 1591 500 1680 paret.
520 1579 554 1654 Is
568 1578 627 1676 qui
646 1578 761 1669 sentit,
782 1601 822 1654 ex
843 1578 954 1676 ipsius
971 1578 1127 1670 verbis,«
1140 1579 1274 1677 judicat
1292 1580 1468 1677 judicare-

390 1743 429 1794 ve
446 1730 577 1817 potest,
602 1719 742 1794 differre
765 1720 866 1794 dulce
889 1720 933 1794 ab
955 1719 1050 1811 albo,
1069 1744 1134 1795 nec
1164 1721 1253 1811 visu,
1272 1744 1338 1796 nec
1364 1732 1465 1818 gustu

388 1859 544 1951 seorsim,
560 1881 624 1935 nec
636 1859 737 1934 simul
754 1869 919 1956 utruque,
940 1859 1001 1934 sed
1017 1860 1182 1958 particula
1198 1861 1348 1957 quadam
1363 1883 1464 1935 com-

388 1997 497 2086 muni,
518 1997 770 2096 queomnibus
782 2021 949 2073 sensuum
970 1998 1208 2074 instrumentis
1226 2000 1385 2097 adjuncta
1400 2012 1463 2085 est;

388 2161 469 2212 nam
502 2159 624 2214 sensus
651 2161 742 2214 unus
771 2148 843 2228 est,
879 2148 913 2212 et
946 2137 1163 2237 praecipuum
1192 2142 1464 2214 instrumentum

351 2319 352 2324 =
389 2278 560 2353 unum².u

431 2416 541 2501 Idem,
558 2440 627 2515 quo
640 2417 763 2492 melius
774 2417 1100 2515 appareatpraesidis
1111 2440 1233 2492 sensus
1244 2416 1458 2514 simplicitas,

384 2579 523 2632 sensum
541 2578 765 2630 communem
781 2555 831 2631 sic
845 2556 1058 2654 descriptum
1073 2557 1205 2631 confert
1220 2578 1300 2631 cum
1314 2567 1459 2653 puncto,

383 2695 486 2794 quod,
506 2718 612 2793 quum
627 2694 782 2769 medium
797 2693 840 2769 sit
854 2693 891 2766 in
903 2693 993 2768 linea
1010 2718 1112 2788 quam
1131 2691 1326 2789 intercidit,
1347 2717 1461 2792 perse

383 2833 523 2931 quidem
545 2857 655 2908 unum
674 2845 735 2923 est,
757 2833 883 2931 duplex
902 2842 1019 2907 tamen
1046 2833 1113 2907 dici
1134 2838 1266 2930 potest,
1287 2844 1459 2930 quatenus

383 2971 545 3048 dividitur
565 2972 656 3049 inter
673 2972 758 3048 dues
773 2972 882 3046 lineas
914 2995 1061 3068 quarum
1091 2995 1197 3047 unam
1227 2972 1303 3045 finit
1323 2985 1357 3046 et
1375 2973 1461 3046 alte-

380 3129 454 3183 ram
472 3108 624 3185 inchoat.
642 3135 659 3182 v
674 3113 750 3186 Hoc
764 3110 910 3208 perinde
923 3133 960 3185 se
974 3111 1092 3195 babet,
1108 3121 1211 3208 atque
1229 3111 1263 3184 id
1277 3112 1368 3207 quod
1382 3110 1460 3208 qui-

380 3248 459 3324 dam
472 3262 649 3347 punctum·
659 3249 837 3348 appellant
851 3277 860 3342 ;
876 3249 983 3347 quod,
1001 3261 1171 3346 quatenus
1183 3261 1257 3324 tum
1272 3272 1383 3324 uuum
1394 3261 1458 3341 est,

376 3397 451 3460 tum
472 3386 553 3479 duo,
570 3387 638 3461 boc
659 3397 760 3485 pecto
779 3385 949 3460 divisibile
968 3396 1032 3460 est.
1054 3385 1231 3470 Quatenus
1249 3385 1355 3483 igitur
1370 3385 1459 3460 indi-

377 3525 510 3602 visibile
528 3538 593 3611 est‚
620 3551 731 3601 unum
752 3540 805 3601 est
825 3525 859 3600 id
879 3525 971 3623 quod
997 3524 1163 3600 discernit
1191 3548 1231 3599 ac
1252 3523 1355 3598 simul
1384 3514 1459 3598 dis-

377 3668 507 3757 cernit;
531 3677 699 3763 quatenus
721 3687 801 3741 vero
820 3673 873 3738 est
898 3662 1082 3753 divisibile,
1103 3661 1158 3736 bis
1175 3661 1298 3737 eodem
1325 3673 1457 3759 puncto

414 3947 423 3980 ¹
448 3949 507 4022 nupt
519 3944 601 4020 tux„
618 3936 705 4013 llll,
721 3937 827 4018 cmg
843 3939 892 4012 ll),
909 3939 960 4010 ll,
977 3939 1030 4000 12.

406 4051 418 4082 ³
441 4056 512 4109 «Καὶ
528 4055 604 4130 κρίνει
617 4048 648 4113 δὴ
663 4053 706 4107 καί
719 4047 826 4107 δύναται
846 4051 954 4125 κρίνειν,
969 4049 1010 4106 ὅτι
1028 4049 1103 4126 ἕτερα
1117 4054 1151 4106 τὰ
1171 4051 1264 4128 planta
1279 4059 1328 4110 τῶν
1343 4053 1453 4124 λευκῶν,

364 4158 425 4220 οὔτε
439 4164 540 4237 pedon,
557 4157 613 4218 οὔτ’
624 4158 696 4236 ὄψει,
716 4151 773 4217 οὔτ’
783 4164 888 4237 ἀμφοῖν,
903 4159 969 4215 ἀλλά
980 4180 1030 4220 τινι
1043 4169 1116 4238 κοινῷ
1129 4165 1205 4239 puplvp
1219 4170 1269 4218 τῶν
1287 4165 1454 4240 αἰσθητηρίων

360 4270 477 4325 ἁπάντων
490 4293 497 4306 ·
511 4267 568 4326 ἔστι
588 4271 632 4346 μὲν
645 4274 695 4346 γὰρ
708 4273 752 4345 pivv
777 4266 890 4333 αἴσθησις
913 4272 955 4324 καὶ
979 4271 1007 4326 τὸ
1028 4271 1111 4345 κύριον
1125 4273 1287 4345 αὶσθητήρων
1310 4269 1365 4326 ἓν.)
1387 4273 1453 4346 Περὶ

373 4377 462 4450 ὕπνου,
479 4390 505 4436 c.
522 4391 557 4436 11.
