3467 5492
830 581 1006 644 -lt—

381 738 564 836 quamdam
587 737 737 814 retinent
770 737 1010 826 constantiam,
1045 737 1154 813 facilis
1186 748 1238 813 est
1260 739 1455 837 conjectura

382 899 499 951 rerum
522 899 616 973 quae,
641 875 750 965 ‚certis
773 885 807 950 et
824 875 906 950 ratis
928 875 1183 952 conditionibus
1205 877 1378 968 obnoxiae,
1402 890 1455 951 te-

299 1057 301 1062 *
381 1037 502 1089 norem
531 1037 669 1112 semper
691 1014 854 1089 eumdem
881 1025 1027 1089 servant.
1052 1015 1167 1100 Quum
1189 1028 1303 1091 autem
1318 1015 1457 1115 physica

381 1151 466 1227 ratio
481 1163 514 1226 et
526 1151 732 1250 physiologia
753 1156 867 1226 omnis
883 1152 924 1226 ad
940 1152 975 1225 id
994 1174 1103 1225 unum
1117 1153 1247 1244 tendat,
1270 1167 1305 1228 ut
1319 1151 1456 1250 perspi·-

380 1288 447 1362 ciat
464 1287 546 1385 quid
568 1292 602 1361 in
621 1303 765 1386 quaque¹
783 1311 821 1362 re
840 1300 1111 1364 consentaneum
1144 1290 1284 1388 cuique,
1302 1291 1458 1389 nihilque

379 1426 470 1501 aliud
490 1425 546 1516 sit,
570 1451 673 1524 quam
689 1428 803 1524 legum
823 1451 841 1502 a
865 1438 989 1502 natura
1009 1428 1275 1503 constitutarum
1288 1427 1453 1523 cognitio,

382 1564 462 1639 inde
479 1565 633 1661 sequitur
661 1587 802 1639 omnem
828 1588 948 1652 ⁴rerum
975 1565 1182 1640 naturalium
1209 1566 1391 1642 scientiam
1418 1588 1457 1640 ex

380 1703 537 1778 sensibus
555 1703 702 1778 externis
734 1703 829 1778 oriri.
851 1703 925 1779 Nec
942 1703 1059 1778 minus
1086 1703 1130 1778 ab
1150 1704 1272 1778 iisdem
1297 1703 1457 1780 sensibus

378 1843 450 1941 ipsa
478 1842 580 1918 etiam
610 1842 854 1917 mathematica
876 1853 1006 1930 ,mente
1039 1842 1286 1931 abstrahimus
1320 1865 1456 1939 geome-

378 1984 512 2082 triaque
522 1983 613 2057 nulla
627 2004 701 2057 esse
719 1991 843 2080 potest,
868 1982 952 2079 quin
970 1983 1067 2081 prius
1085 1983 1260 2058 notionem
1272 1984 1456 2080 quamdam

380 2122 479 2222 spatii
492 2133 603 2196 tactus
617 2122 669 2196 vel
683 2121 774 2198 visus
794 2144 860 2219 ope
876 2121 1091 2196 informatam
1111 2122 1236 2197 animis
1253 2122 1453 2199 habeamus.

427 2259 511 2346 Quae
523 2282 631 2356 uuum
643 2259 687 2333 ila
699 2260 781 2352 sint,
799 2260 885 2333 nihil
898 2259 1042 2351 mirum,
1057 2260 1148 2356 quod
1165 2260 1320 2358 plerique
1335 2283 1456 2336 eorum

377 2395 435 2495 qui
446 2395 681 2470 describendis
699 2395 860 2471 sensibus
872 2419 1015 2495 operam
1031 2396 1168 2488 dedere,
1181 2397 1303 2473 celeris
1321 2398 1456 2474 omissis

376 2546 435 2609 aut
465 2533 583 2607 leviter
609 2533 746 2625 notatis,
784 2537 878 2607 omni
905 2532 1113 2629 cogitatione
1145 2558 1298 2633 curaque
1332 2537 1368 2611 in
1398 2559 1456 2613 eos
1502 2561 1505 2566 ’

378 2671 1453 2771 incubuerinlsensus,quiprimascientiaruminitiainchoant:

368 2810 413 2884 hi
434 2810 527 2885 enim
553 2810 615 2883 soli
643 2821 747 2902 sunt,
769 2809 805 2883 in
830 2809 956 2908 quibus
983 2809 1138 2885 nitantur
1164 2834 1393 2910 quaecumque
1412 2813 1455 2887 de

379 2958 499 3024 natura
513 2957 726 3046 quaeruntur,
738 2971 927 3045 eorumque
942 2947 1008 3022 lide
1025 2949 1171 3042 sublata,
1181 2951 1253 3048 J'am
1269 2952 1356 3026 nihil
1369 2950 1455 3028 certi

378 3089 447 3162 lere
467 3098 636 3185 superest.

424 3224 547 3300 Nullus
560 3236 675 3300 tamen
689 3224 777 3297 mihi
793 3225 927 3300 videtur
939 3225 1053 3316 luisse,
1071 3228 1130 3325 qui
1145 3239 1274 3326 quanto
1289 3239 1456 3327 praestent

377 3386 548 3460 quamque
574 3363 639 3436 late
668 3373 806 3460 pateant
823 3362 1011 3460 supradicti
1039 3388 1162 3441 sensus
1193 3366 1319 3441 melius
1338 3339 1453 3442 'intel-

376 3500 506 3587 lexerit,
522 3523 624 3598 qnam
640 3499 853 3591 Aristoteles,
876 3498 934 3596 qui
954 3499 1094 3596 ingenio
1111 3499 1253 3599 quidem
1267 3500 1329 3575 suit
1342 3500 1455 3579 inres-

376 3638 523 3736 ligandae
545 3650 676 3713 nalurae
697 3637 920 3736 diligentiori,
941 3661 1045 3735 quam
1066 3649 1105 3711 ut
1123 3639 1175 3712 vel
1195 3662 1304 3714 unum
1329 3639 1455 3738 cuique

377 3787 531 3851 nostrum
546 3775 779 3874 ingenitorum
790 3797 958 3850 sensuum
971 3798 1083 3871 genus
1095 3775 1238 3850 omnino
1254 3776 1453 3873 neglexerit3

376 3918 479 4015 idque
504 3917 585 3992 salis
614 3927 783 3991 testantur
800 3916 966 3991 nonnulla
986 3939 1062 4013 quae
1083 3917 1177 4014 apud
1196 3915 1311 4013 ipsum
1340 3917 1455 4013 legere

377 4055 487 4152 possis
504 4058 528 4128 ⁴.
549 4055 614 4130 Sed
629 4055 664 4129 in
679 4055 789 4151 libris,
808 4055 935 4153 quibus
952 4055 1042 4130 hanc
1056 4064 1188 4152 partem
1207 4052 1355 4130 maxima
1370 4077 1455 4131 cura

419 4342 428 4377 ι
454 4343 606 4422 nprpx,
623 4335 659 4412 ιι,
680 4336 746 4418 bt
767 4340 802 4414 a,
819 4337 857 4413 n,
873 4335 985 4417 arga
1001 4349 1028 4401 a
1048 4339 1086 4415 a,
1105 4337 1156 4415 ιιι,
1171 4339 1201 4414 ι,
1219 4338 1283 4418 ga.
1302 4372 1342 4388 -
1360 4332 1455 4405 uarat
