3467 5492
727 553 911 618 ..69-

280 721 322 795 de
342 743 461 818 sapore
475 730 608 818 gustus,
628 733 662 795 et
678 745 747 796 non
769 723 880 809 uisus,
898 744 1047 820 quorum
1063 721 1179 797 nullus
1202 744 1355 820 unquam

277 859 361 933 dioit
379 859 502 934 eodem
521 867 677 957 tempore
699 860 790 936 uiruu
810 861 902 936 idem
920 860 1025 935 simul
1045 860 1092 934 ita
1116 872 1150 935 ει
1167 883 1238 935 non
1256 860 1302 935 ita
1321 884 1357 936 se

277 996 415 1072 habere.
432 998 507 1072 lmo
521 1019 592 1071 non
610 997 676 1072 ulio
702 1008 858 1095 ternpore
879 998 970 1073 eirca
992 997 1212 1072 affectionem
1231 1021 1355 1073 sensus

280 1137 453 1221 dubitant,
477 1137 536 1212 sed
560 1136 651 1211 eirea
677 1136 763 1210 illud
782 1137 839 1212 oui
864 1137 1000 1212 allectio
1026 1136 1152 1212 accidit
1167 1163 1175 1209 :
1192 1137 1242 1212 sic
1264 1139 1356 1212 idem

279 1275 411 1368 uinum,
425 1287 483 1351 aut
504 1277 621 1374 ipsum
638 1286 820 1368 mutatum,
843 1285 904 1350 eut
920 1297 1067 1374 corpore
1081 1285 1226 1368 mutatu,
1252 1274 1359 1350 videri

268 1424 395 1516 ¹potest
411 1414 615 1513 quandoque
629 1414 743 1524 dulce,
758 1413 967 1511 quandoque
988 1435 1059 1488 non
1072 1413 1192 1506 dulce,
1215 1413 1359 1488 sednon

280 1550 398 1650 ipsum
412 1552 521 1643 dulue,
544 1576 653 1650 quum
668 1563 718 1627 est
734 1552 835 1651 quale
850 1562 915 1635 est,
934 1573 1088 1648 unquam
1108 1562 1279 1629 mutatum
1292 1562 1355 1641 est,
1433 1573 1435 1577 ’

280 1692 342 1766 sed
355 1715 492 1790 semper
508 1691 602 1767 idem
617 1692 660 1767 de
681 1714 722 1766 eo
737 1715 857 1768 uerum
879 1702 950 1779 est3
969 1701 1004 1765 et
1025 1691 1121 1789 quod
1136 1691 1293 1767 futurum
1309 1701 1360 1766 εει

281 1829 406 1916 (ιιιΙεε,ι
420 1827 614 1903 necessario
630 1828 698 1903 tale
716 1839 769 1904 est
784 1832 809 1902 ⁴.
831 1854 849 1900 n

330 1967 398 2041 Sed
424 1991 533 2067 quum
547 1968 593 2042 ita
616 1967 775 2044 sensibus
810 1970 949 2066 proprie
967 1967 1068 2042 dictis
1089 1967 1361 2043 omnemfidem

281 2106 406 2182 Noster
426 2106 557 2192 tribuit,
584 2106 687 2204 idque
715 2105 852 2198 moritu,
877 2127 948 2180 non
979 2105 1061 2180 sutis
1090 2106 1362 2182 animadvertere

284 2247 432 2329 videtur,
457 2257 623 2342 quantum
650 2245 793 2318 iidemu
820 2247 946 2318 mentis
963 2243 1097 2341 judicio
1119 2243 1264 2320 distent.
1294 2242 1364 2342 lpsi

282 2384 376 2458 enim
386 2407 520 2473 sensus,
529 2383 653 2480 quibus
663 2381 845 2470 afficimur,
862 2403 931 2457 non
945 2404 986 2455 ex
998 2403 1035 2455 se
1047 2381 1221 2456 affirmant
1235 2379 1363 2478 aliquid

283 2522 430 2597 exterius
448 2545 522 2597 esse
540 2532 574 2596 et
589 2521 780 2612 immutari,
802 2521 863 2595 sed
885 2517 1045 2594 animum
1065 2519 1265 2612 admonent,
1289 2519 1365 2618 qui,

284 2682 323 2734 ex
335 2661 458 2735 eiieutu
469 2683 609 2736 oausam
623 2660 787 2750 inferens,
804 2657 963 2733 nonnihil
980 2658 1082 2740 eertis
1099 2658 1367 2756 proprietatibus

283 2799 469 2896 praeditum
485 2799 645 2874 sensibus
666 2798 791 2897 subjici
810 2796 954 2894 colligit.
975 2795 1053 2869 Non
1069 2796 1174 2894 igitur
1197 2796 1240 2872 de
1253 2796 1367 2874 colore

283 2935 386 3026 visne,
408 2947 468 3012 aut
488 2937 530 3011 de
549 2958 672 3035 sopore
687 2947 807 3034 gustus
818 2935 964 3034 judicat,
981 2934 1044 3012 sed
1061 2957 1102 3009 ex
1119 2935 1193 3011 visu
1212 2945 1247 3009 et
1262 2947 1367 3032 gustu

283 3079 421 3152 unimus
437 3104 445 3150 :
463 3077 549 3150 nibil
572 3076 666 3152 enim
687 3099 805 3152 seeum
831 3076 930 3151 ellert
955 3097 1093 3164 sensus,
1115 3074 1180 3150 nisi
1199 3073 1366 3148 indicium

284 3235 353 3311 quo
383 3214 529 3312 quisque
559 3215 667 3312 possit
690 3213 877 3305 aestimare,
902 3235 972 3287 non
998 3213 1083 3311 quid
1117 3213 1162 3288 sit
1196 3216 1368 3288 inseres

284 3363 459 3450 percepta,
484 3354 545 3427 sed
561 3351 688 3450 quibus
708 3353 820 3428 modis
838 3352 997 3428 animum
1019 3373 1158 3428 mouere
1174 3364 1209 3427 et
1227 3351 1365 3428 afficere

286 3493 405 3566 valeat.

335 3631 556 3707 Aristotelem
572 3654 649 3708 vero
662 3632 711 3708 siu
722 3631 758 3706 in
777 3631 945 3730 augendis
957 3654 1123 3708 sensuum
1137 3631 1370 3730 partibusim-

286 3773 464 3847 modicum
474 3796 549 3848 esse
560 3773 729 3862 videmus
744 3784 782 3848 ut
796 3772 985 3870 praediuure
996 3795 1067 3848 uon
1077 3772 1211 3848 dubitet
1219 3784 1366 3862 motum,

287 3909 461 4008 quietem,
481 3909 778 4006 magnitudinem,
801 3909 951 4006 figuram
970 3932 1226 4006 numerumque
1251 3908 1370 3985 sentiri

290 4071 355 4148 per
372 4049 527 4147 singulos
548 4071 669 4125 sensus
688 4076 696 4122 ;
718 4072 794 4147 quoe
816 4047 905 4124 mihi
923 4058 1043 4124 eontra
1061 4072 1123 4148 per
1137 4048 1274 4125 nullum
1293 4071 1371 4126 seu-

335 4335 344 4370 ¹
368 4341 441 4396 Μετὰ
458 4337 491 4394 τά
503 4337 608 4413 φυσικά,
625 4327 646 4392 Ι.
662 4326 714 4406 111,
730 4344 757 4390 0.
773 4342 801 4388 ll·
