3467 5492
838 554 1010 620 ..56-

393 718 514 806 uentis,
543 718 576 793 id
596 718 712 817 ipsum
739 717 821 814 qnid
846 717 892 794 sit
907 717 1043 810 neseio,
1060 740 1124 795 nee
1143 717 1288 794 minime
1307 721 1470 794 nuntiant

300 843 302 850 ’
388 881 566 937 seusun...
587 857 675 933 Sunt
700 857 899 956 philosophi
924 857 983 955 qui
1011 858 1127 934 dicant
1155 881 1221 936 nee
1247 857 1399 934 ualidum
1434 857 1470 930 in

390 996 490 1094 igne,
514 1017 581 1070 nee
603 993 713 1092 lrigus
739 993 776 1068 in
801 994 931 1091 glacie,
964 1018 1031 1071 neo
1047 995 1084 1070 in
1118 997 1222 1072 melle
1250 995 1471 1072 dulcedinem

392 1133 526 1226 inesse3
543 1156 658 1230 neque
669 1142 797 1225 errant,
817 1131 847 1208 si
860 1133 966 1208 modo
979 1142 1120 1210 teneant
1132 1134 1248 1232 ignem
1257 1133 1472 1232 glaciemque

391 1273 529 1370 melque
553 1271 639 1346 nihil
661 1270 808 1359 sentire;
837 1271 898 1346 sed
918 1283 1035 1348 tamen
1056 1295 1242 1373 perperam
1267 1271 1471 1370 loquuntur,

395 1435 503 1511 quum
524 1411 560 1486 in
579 1410 634 1486 his
655 1412 759 1487 rebus
777 1434 881 1489 causa
902 1424 1102 1490 nostrornm
1120 1434 1288 1489 sensnum
1303 1409 1472 1486 nonnulla

395 1553 453 1644 sit,
475 1552 621 1652 ideoque
641 1550 677 1624 in
693 1551 954 1649 ambiguitatem
971 1553 1131 1630 ineidnnt
1146 1556 1173 1630 ⁸.

441 1691 477 1768 Si
495 1692 570 1792 quis
589 1695 744 1770 nondum
771 1692 900 1786 videat,
930 1717 1035 1791 quam
1057 1706 1135 1793 apte
1155 1692 1282 1769 rationi
1305 1691 1472 1768 Aristote-

391 1829 466 1908 lioae
485 1830 550 1907 ista
568 1842 771 1929 congruant,
791 1830 820 1908 is
837 1831 911 1930 jam
932 1831 1049 1908 loeum
1068 1833 1172 1908 modo
1191 1831 1370 1908 laudatum
1389 1853 1476 1905 eou-

337 2065 339 2070 .
392 1969 529 2047 sideret.
552 1955 698 2058 «Quum
723 1982 820 2047 aetus
840 1971 889 2046 rei
907 1971 1042 2049 sensilis
1060 1982 1095 2048 et
1113 1971 1282 2048 sensitivae
1307 1995 1398 2047 unus
1418 1968 1475 2059 sit,

395 2110 549 2210 quamvis
566 2108 717 2187 diverses
729 2112 854 2189 habeat
874 2111 1038 2206 rationes,
1058 2135 1199 2189 neeesse
1212 2122 1265 2188 est
1280 2111 1383 2187 simul
1403 2131 1477 2184 cor

395 2258 602 2347 rumpentur
620 2247 792 2346 simulque
810 2248 880 2325 sint
899 2248 979 2325 sahi
996 2249 1133 2326 auditus
1150 2272 1191 2325 ao
1211 2272 1319 2325 sonus
1336 2247 1396 2346 qui
1408 2248 1473 2323 hoe

395 2391 498 2465 modo
515 2398 772 2488 nuncupantur,
787 2400 821 2464 et
837 2412 939 2488 sapor
955 2390 1074 2466 itidem
1093 2401 1127 2466 et
1143 2400 1275 2488 gustus,
1295 2398 1476 2486 ceteraque

395 2528 570 2621 similiter3
584 2539 618 2604 at
632 2551 671 2604 ea
685 2552 762 2627 quae
784 2528 948 2605 dicuntur
963 2530 1135 2629 potentia,
1155 2553 1225 2606 non
1243 2529 1333 2606 hanc
1348 2552 1474 2605 neces·

395 2667 486 2744 sario
505 2667 656 2743 subeunt
673 2667 798 2765 legem.
821 2667 951 2743 Verum
981 2689 1051 2743 non
1076 2678 1169 2745 reete
1192 2667 1326 2767 priores
1347 2679 1477 2744 naturae
1514 2639 1519 2644 ⁸

392 2818 597 2886 samtatores
614 2809 656 2882 de
676 2808 742 2882 hae
760 2830 798 2882 re
814 2807 919 2883 loeuti
934 2818 1027 2906 sunt,
1051 2807 1110 2907 qui
1132 2807 1273 2903 quidem
1299 2808 1374 2883 sine
1402 2807 1475 2882 visu

395 2948 512 3024 album
529 2946 642 3022 ullum
663 2969 776 3045 neque
795 2946 936 3044 nigrum
966 2949 1086 3025 adesse
1117 2949 1328 3026 censebant:
1349 2947 1475 3024 etenim

385 3110 505 3185 uuum
531 3086 713 3186 dupliciter
734 3111 856 3165 sensus
878 3088 1122 3188 sensibiliaque
1141 3091 1314 3183 dieantur,
1328 3086 1477 3188 potentia

395 3238 602 3328 atqueaotu,
623 3227 677 3304 his
693 3227 833 3326 quidem
849 3228 1015 3327 competit
1039 3229 1133 3328 quod
1157 3228 1289 3305 dietum
1316 3239 1382 3325 est,
1411 3224 1478 3301 illis

397 3377 598 3443 autemnon
616 3368 667 3442 lit.
685 3368 730 3444 ht
743 3369 793 3443 illi
803 3370 846 3445 de
864 3369 907 3444 iis
924 3368 1129 3470 simpliciter
1141 3369 1384 3469 loquebantur,
1403 3389 1478 3463 quae

400 3506 603 3607 simpliciter
616 3532 687 3585 nnn
702 3509 867 3585 dicuntur
878 3511 928 3584 'u

385 3747 392 3762 ,
442 3645 477 3722 Si
491 3646 577 3721 nihil
590 3646 696 3744 igitur
709 3646 813 3741 aliud,
829 3647 897 3726 nisi
911 3647 1021 3724 varios
1037 3649 1189 3741 colores,
1203 3669 1322 3741 sonos,
1336 3648 1475 3742 odores,

397 3785 623 3885 sapidnmque
642 3795 676 3861 et
692 3785 855 3884 frigidum
876 3786 1069 3876 ealidumre
1085 3786 1314 3880 sentiremus,
1341 3787 1407 3862 etsi
1427 3787 1478 3861 la-

397 3925 541 4008 cessitus
561 3925 880 4028 improbatusquea
903 3929 1154 4007 recentioribus
1176 3927 1410 4029 philosophis,
1439 3950 1475 4003 re

441 4223 450 4256 ¹
472 4213 527 4278 Th.
541 4213 637 4292 aeid,
654 4216 749 4281 'irent
761 4216 796 4281 de
807 4218 860 4282 int.
877 4218 1013 4299 humano,
1030 4237 1059 4281 e.
1071 4238 1100 4297 r,
1112 4218 1131 4301 S
1145 4219 1177 4283 8.

441 4326 452 4360 ¹
474 4334 533 4411 Περὶ
546 4330 628 4408 ltux„
643 4323 665 4389 Ι.
680 4325 731 4404 111,
743 4345 769 4389 o.
780 4347 815 4404 11,
828 4326 846 4408 S
858 4327 890 4392 8.
