3467 5492
746 564 925 631 ‚99-

296 725 415 838 Neque
430 741 568 816 eorpun
559 717 827 793 admiscetur
797 718 929 833 ‚ipsius
945 717 1039 827 enim
1056 716 1177 792 lumini
1196 717 1374 819 efficerent

297 880 336 932 ea
356 829 483 989 3333333
512 839 688 985 3333333333
708 834 896 982 313333333;
917 855 976 930 sed
992 853 1061 929 3333
1087 865 1236 986 3333333Ἰ
1215 855 1347 955 13333
1338 879 1373 930 333
1482 924 1488 934 ,
1550 881 1554 889 ⁴
1626 830 1627 859 ¹

298 981 456 1092 333333
479 1004 576 1085 3333,
592 991 651 1113 333
677 1016 750 1120 3333
770 963 924 1114 possunt
931 991 1073 1084 3333333,
1096 1001 1213 1092 δυνάμει
1240 1006 1278 1071 τὰ
1298 1001 1370 1096 qen.

348 1105 462 1218 Quum
487 1097 607 1207 eutem
624 1113 711 1264 egit,
734 1131 779 1261 33
797 1101 965 1253 quidquid
984 1122 1198 1257 intelligitur,
1222 1108 1372 1207 necdum

297 1255 478 1346 edendum
512 1231 1017 1405 3333333”’3333333333333333
1036 1250 1200 1372 3333333333,
1224 1250 1371 1392 sednon

296 1397 440 1547 perinde
460 1393 499 1542 33
516 1389 608 1499 3333
618 1383 782 1514 3333333
793 1407 868 1539 33333
895 1431 930 1482 33
954 1406 1071 1505 ipsum
1093 1374 1283 1537 inteiligere
1305 1433 1371 1508 pe-

294 1533 384 1638 3383,
396 1573 413 1619 ((
428 1562 476 1624 καὶ
489 1529 575 1634 33ὐτὸς
590 1554 669 1623 δὲ
635 1557 723 1626 αυτὸν
730 1549 798 1626 τότε
812 1514 932 1622 33333333
944 1547 1046 1621 ueeiu⁴.
1053 1572 1079 1617 ’3

345 1685 564 1783 Quaequum
555 1699 602 1761 333
620 1709 769 1760 memma
782 1682 907 1759 333333
917 1673 1042 1772 docet
1062 1682 1282 1759 Aristotelem
1295 1708 1374 1783 qur

299 1799 378 1898 dem
393 1847 464 1899 uun
485 1817 630 1900 33333333
633 1847 675 1898 ex
692 1807 787 1899 omni
802 1836 897 1922 perte
916 1823 1147 1936 probandum
1168 1823 1264 1899 Adeo
1279 1823 1374 1898 euim

297 1953 513 2038 intellectum
545 1963 738 2039 divinum
730 1987 764 2036 m
795 1962 895 2037 uubis
924 1959 1035 2037 ualere
1064 1963 1236 2061 predicat,
1268 1975 1375 2069 uter

300 2091 424 2175 eedem
435 2073 623 2230 ,3333333333
643 2125 661 2176 3
684 2075 781 2223 sole,
799 2079 901 2228 mens
918 2102 1071 2217 3333333333
1089 2104 1204 2176 lucem
1221 2102 1373 2202 veritatis

301 2263 506 2339 repercussu
526 2217 674 2370 quddam
701 2212 862 2367 aecipere
888 2202 1059 2315 videatur
1078 2241 1150 2340 Ege
1168 2264 1247 2315 veru
1270 2218 1377 2342 333333

300 2380 500 2514 neutiquam
522 2379 792 2508 suspicarique
813 2357 912 2475 peetd
931 2368 1024 2453 Deus
1042 2352 1252 2495 inteileetum
1273 2405 1376 2500 suum

297 2505 379 2594 eum
397 2497 538 2593 humine
550 2517 809 2634 cummunicare
822 2518 949 2592 valeat:
960 2493 1093 2629 33333333
1108 2489 1171 2619 etsi
1189 2495 1241 2595 333
1255 2473 1374 2594 eadem

295 2681 349 2733 333
360 2681 437 2756 3333
448 2656 651 2758 intelligitur
665 2656 708 2731 ab
729 2666 887 2774 utroque,
903 2668 1049 2753 uterque
1068 2667 1182 2762 temen
1197 2632 1381 2759 3333313333,

296 2776 407 2895 neque
425 2821 516 2873 3333
543 2808 578 2872 33
598 2797 690 2872 idem
716 2806 766 2871 333
781 2767 997 2917 3333333333,
1018 2795 1085 2869 nisi
1103 2820 1195 2871 uuus
1225 2808 1259 2872 33
1279 2770 1372 2911 idem

296 2937 364 3011 3333
377 2935 468 3010 Deus
489 2919 523 3009 33
551 2931 670 3064 humo.
690 2933 811 3031 Neque
828 2957 869 3008 33
899 2904 1037 3017 infitias
1050 2906 1262 3011 intellectum
1290 2959 1371 3010 nus-

297 3075 389 3150 trum
410 3098 510 3172 agere
529 3096 598 3147 nen
614 3049 729 3199 pesse,
751 3072 815 3146 uisi
829 3071 864 3144 in
882 3094 921 3146 eo
939 3071 983 3146 su
993 3076 1074 3147 33333
1092 3096 1203 3149 333333
1215 3075 1257 3148 ed
1270 3098 1374 3171 egen-

296 3195 392 3286 dum.
415 3196 481 3286 Sed
500 3211 582 3311 quid
601 3223 671 3302 333,
671 3189 775 3310 quod
793 3209 881 3283 nihil
898 3203 1220 3308 intelligamus,ms1
1211 3211 1373 3337 33313333

298 3353 412 3427 divino
429 3353 577 3450 spiritui
589 3352 664 3426 lmu
682 3374 761 3426 vere
780 3351 814 3424 iu
833 3373 1039 3479 unoquoque¹
1068 3361 1224 3473 nestrum
1229 3318 1374 3454 ,3333333

297 3469 428 3569 333333
460 3492 627 3590 praedite,
650 3492 827 3567 insidet
798 3517 848 3566 us
873 3491 993 3615 intima
1020 3467 1054 3567 33
1078 3462 1157 3568 3333
1173 3493 1370 3592 nobiseum,

299 3657 363 3730 que
392 3614 562 3708 efficiente
592 3655 696 3728 supra
718 3653 839 3707 sensus
858 3606 1053 3706 eminemus
1086 3642 1120 3732 33
1142 3632 1176 3707 id
1202 3633 1296 3730 quud
1324 3644 1382 3752 est

298 3755 532 3846 necessarium
551 3782 584 3845 33
597 3779 767 3844 ueternum
781 3754 1018 3886 adipiscimur.
1032 3770 1080 3844 Ea
1099 3752 1282 3869 quidem
1253 3796 1302 3894 333
1319 3772 1371 3895 in-

297 3893 487 4006 telligendi,
521 3919 559 3982 33
586 3879 754 4027 sentiendi
780 3911 850 3999 vis,
873 3906 947 4036 ipse
974 3919 1092 3983 333333
1126 3933 1166 3984 ex
1196 3877 1372 4034 communi

298 4047 456 4121 emnium
481 4047 574 4120 33333
589 4046 678 4144 ,333
699 4045 854 4120 numinis
881 4035 1039 4142 supremi
1067 4051 1206 4122 numine
1225 4013 1370 4144 gaudem

343 4333 350 4372 ¹
374 4339 433 4418 Περὶ
448 4333 529 4412 pop,
545 4327 566 4389 l.
581 4328 631 4405 111,
647 4347 674 4392 3.
690 4347 731 4405 iv,
748 4329 766 4410 S
783 4331 812 4391 6.
