3467 5492
833 538 1015 605 ..40-

389 693 556 795 principia
578 716 655 792 quoe
671 693 706 788 in
725 716 761 770 se
778 663 928 768 habeant
940 693 1213 790 consequentias,
1231 693 1458 792 ipsaqucsint

387 833 501 932 priora
532 830 732 929 notioraque
756 830 1035 928 consequentiis
1049 829 1224 929 Principia
1244 832 1459 926 autem'su'nt

388 986 445 1048 eut
466 968 636 1046 universis
654 968 807 1046 scientiis
823 970 1035 1059 communia,
1059 982 1119 1046 aut
1137 971 1282 1068 singulis
1303 972 1455 1070 propria.

390 1107 592 1184 Communia
614 1106 738 1204 quibus
753 1129 880 1182 nomen
901 1119 953 1182 est
967 1107 1145 1200 axiomata,
1170 1131 1235 1203 nec
1257 1107 1459 1184 confirmari

391 1268 455 1322 nec
486 1243 591 1318 refelli
622 1243 747 1340 valent,
770 1242 841 1319 imo
866 1267 978 1342 neque
1011 1245 1113 1342 plane
1130 1243 1457 1341 fugiuntindoctos.

393 1384 534 1481 Propria
552 1391 680 1470 autem,
704 1405 780 1479 quae
797 1382 1011 1481 appellantur
1030 1382 1260 1476 definitiones,
1288 1382 1460 1483 propriam

394 1521 561 1620 cujusque
578 1523 626 1594 rei
646 1519 714 1596 vim
731 1519 917 1612 declarant,
933 1519 1051 1618 sicque
1077 1520 1207 1596 semina
1240 1523 1396 1621 praebent
1416 1547 1461 1598 en

392 1661 517 1761 quibus
537 1661 693 1736 oriuntur
711 1660 854 1758 singulae
880 1661 1043 1736 scientiae.
1143 1692 1147 1702 ·

442 1799 508 1874 Sed
525 1820 627 1874 omne
642 1798 733 1897 quod
748 1798 959 1897 eloquimur,
975 1801 1045 1876 sive
1062 1800 1272 1911 principium
1290 1801 1359 1876 sive
1375 1777 1462 1876 con·

394 1937 581 2036 sequentia,
603 1937 745 2014 solvitur
762 1939 877 2036 ipsum
896 1939 931 2013 in
951 1952 1063 2038 partes
1077 1940 1278 2031 individuas,
1295 1963 1380 2038 quas
1397 1940 1462 2015 sibi

393 2079 563 2177 subjectas
577 2076 750 2175 imprimis
771 2075 877 2152 habet
887 2077 1094 2172 intellectus,
1112 2079 1195 2154 etin
1209 2079 1348 2176 quibus,
1365 2077 1461 2176 quasi

392 2215 548 2295 torminis
564 2215 705 2299 ultimis,
729 2214 888 2290 consistit
913 2216 1084 2314 cogitatio.
1106 2222 1165 2292 Hae
1185 2227 1312 2316 partes,
1337 2216 1462 2315 quibus

392 2358 506 2434 omnia
529 2367 685 2432 constare
703 2365 737 2430 et
756 2355 911 2453 copulari
935 2353 1120 2446 videntur,
1133 2378 1273 2431 rursum
1290 2366 1463 2452 eoguntur

391 2498 429 2573 in
446 2495 614 2594 simplicia
625 2517 749 2592 genera
764 2494 899 2587 decem,
920 2519 1066 2593 quorum
1082 2495 1295 2594 praecipuum
1309 2507 1360 2570 est
1374 2495 1459 2584 llus,

392 2633 482 2731 quod
503 2632 618 2731 ipsum
639 2655 699 2730 per
725 2655 761 2706 se
781 2642 842 2724 est,
865 2632 960 2720 etde
980 2654 1047 2730 quo
1067 2644 1191 2743 cetera,
1211 2632 1460 2731 praedicantur.

440 2770 560 2867 Atqua
577 2768 718 2843 tandem
734 2768 786 2844 via
812 2769 846 2858 id
870 2768 1093 2856 individuum,
1117 2769 1191 2845 sine
1213 2791 1282 2868 quo
1299 2769 1386 2843 nihil
1410 2769 1464 2842 in·

394 2908 710 3006 telligitur,assequi
721 2908 965 2984 valeamus‘tld
978 2910 1118 3006 quidem
1132 2911 1232 2985 nobis
1246 2909 1326 2985 licet
1338 2908 1461 2985 induc·

393 3047 495 3122 tionis
510 3069 588 3146 ope,
613 3048 715 3124 modo
733 3048 963 3124 ascendamus
982 3071 1045 3148 per
1058 3048 1302 3124 universalium
1320 3049 1459 3146 gradus.

393 3185 593 3280 Universale
619 3196 733 3260 autem
759 3197 796 3262 ut
823 3185 956 3278 existat,
978 3209 1047 3262 non
1075 3198 1126 3262 est
1152 3209 1295 3262 necesse
1320 3187 1473 3276 existere,

390 3321 515 3420 aliquid
529 3334 727 3422 separatum
743 3347 760 3398 a
784 3325 888 3401 rebus
906 3325 1160 3423 singularibus3
1179 3324 1261 3401 satis
1280 3336 1331 3400 est
1351 3347 1462 3399 unum
1567 3407 1571 3414 ,

394 3460 474 3558 quid
501 3471 534 3536 et
552 3461 644 3536 idem
671 3485 757 3554 esse,
789 3463 881 3559 quod
907 3463 949 3538 de
972 3463 1131 3561 pluribus
1157 3463 1224 3538 dici
1244 3463 1366 3562 possit.
1393 3462 1465 3539 Res

394 3611 508 3676 autem
537 3601 746 3698 singulares,
783 3603 845 3679 etsi
874 3614 996 3678 natura
1025 3603 1088 3679 sihi
1121 3603 1259 3702 propria
1283 3603 1461 3694 differunt,

396 3742 597 3816 nonnullam
613 3753 726 3818 tamen
754 3743 883 3818 hahent
903 3743 992 3818 inter
1012 3767 1049 3820 se
1071 3742 1346 3841 similtudinem,
1361 3763 1465 3839 quarn

394 3878 1465 3971 satestcitradifferentiasanimadvertere,utfiatunacmnium

393 4016 667 4115 comprehensio,
683 4041 758 4115 quae
773 4014 941 4117 nequead
956 4018 1037 4112 hoo,
1052 4041 1164 4117 neque
1179 4017 1333 4110 adillud,
1346 4017 1409 4094 sed
1423 4017 1465 4093 ad

391 4159 524 4256 singula
541 4157 578 4232 in
591 4156 790 4233 universum
811 4160 995 4256 pertineat.

440 4299 655 4387 Numnam,
674 4320 783 4396 quum
796 4319 922 4390 causes,
945 4295 1127 4397 principia,
1152 4293 1322 4397 quidlibet
1341 4292 1465 4375 indivi-
