3467 5492
820 634 859 646 -
886 598 951 664 qqfl
979 635 1018 646 -

382 751 416 816 et
436 739 919 840 plerisqueSeholastioorum
938 743 981 817 ab
1004 740 1154 817 Arerroe
1176 737 1359 838 prosectis,
1393 760 1463 813 non

381 882 473 982 ipsas
495 907 550 960 res
569 883 610 958 ad
629 881 780 959 animam
798 883 982 974 accedere,
1006 881 1069 958 sed
1088 881 1217 980 effigies
1233 850 1318 978 quas
1340 901 1465 977 eorpo-

382 1047 458 1102 reas
475 1027 683 1124 profitentur
703 1027 793 1102 intra
815 1027 969 1125 primurn
990 1027 1068 1119 iter,
1090 1024 1271 1133 etsensim
1290 1020 1466 1098 extenuari

380 1166 536 1266 fingunt,
553 1179 592 1244 ut
606 1170 768 1262 demum,
787 1167 883 1245 omni
903 1167 1047 1243 materia
1074 1165 1241 1265 deposita,
1263 1162 1390 1239 animis
1409 1161 1466 1236 in-

382 1306 590 1383 scribantur.
610 1307 730 1406 Neque
760 1309 858 1384 aliter
879 1308 1072 1399 Certemus,
1092 1305 1341 1400 Loekius,'Th.
1360 1303 1462 1390 Reid,

382 1455 416 1521 et
432 1446 544 1544 major
562 1469 641 1546 pars
659 1446 1015 1540 recentiorum,dum
1035 1444 1215 1546 qualitates
1233 1465 1318 1541 quas
1342 1452 1469 1516 vocant

382 1585 613 1679 secundarius,
627 1585 838 1684 imaginibus
856 1586 937 1662 ullis
954 1585 1111 1684 imprimi
1129 1606 1233 1684 posse
1249 1591 1388 1680 negant,
1401 1580 1466 1656 de-

381 1727 527 1803 fendunt
547 1738 666 1803 eontra
690 1726 867 1825 qualitates
894 1726 1077 1825 primarias
1101 1724 1249 1835 tideliter
1271 1723 1308 1797 in
1337 1721 1467 1799 animis

381 1866 520 1964 effingi,
543 1878 577 1943 et
589 1865 887 1965 magnitudinem,
903 1865 1110 1941 soliditatem
1127 1925 1136 1957 ,
1154 1864 1320 1962 figuram,
1337 1884 1467 1936 nume-

381 2029 460 2083 rum
477 2005 513 2079 in
535 2005 738 2106 corporibus
758 2028 834 2082 esse
846 2004 946 2104 quasi
965 2003 1173 2103 exemplaria
1194 2026 1286 2095 vera,
1316 2023 1469 2101 quorum

382 2147 537 2243 speciae,
572 2169 657 2244 quas
675 2147 712 2221 in
742 2156 861 2222 mente
880 2145 1062 2236 habemus,
1085 2145 1273 2243 perlectam
1298 2141 1469 2217 similitu-

383 2283 500 2360 dinem
513 2297 672 2383 gerunt,
732 2339 737 2348 -

422 2417 504 2500 ·Hcs
525 2447 646 2500 omnes
666 2421 889 2524 philosophus
904 2434 1039 2500 constat
1058 2423 1102 2498 ad
1115 2421 1283 2519 imagines
1300 2422 1345 2497 ito
1360 2421 1470 2496 rebus

384 2575 417 2641 et
431 2564 556 2640 animis
578 2576 741 2662 cognatas
756 2564 1017 2662 confugissent
1033 2563 1099 2639 sibi
1118 2563 1210 2638 viam
1228 2567 1404 2638 munirent
1425 2567 1470 2640 ad

383 2729 422 2782 ea
447 2728 524 2803 quae
541 2715 634 2780 extra
664 2714 764 2797 suut,
784 2704 939 2802 ecquod
967 2715 1046 2779 ante
1064 2703 1179 2778 omnia
1206 2727 1269 2802 pro
1287 2715 1381 2779 certo
1403 2727 1472 2803 pu-

384 2841 537 2934 suerint,
560 2839 699 2917 nonnisi
714 2839 869 2916 simillaa
885 2840 1057 2917 similibus
1071 2840 1332 2940 percipiposse.
1348 2841 1472 2938 Longe

383 2993 497 3058 autem
516 2980 648 3057 aliaest
670 2980 863 3056 Aristotelis
891 2981 1154 3079 sententia,qui
1176 2967 1471 3080 judicat-animos

384 3144 402 3195 a
417 3119 624 3220 'corporibus
640 3131 761 3196 natura
776 3119 923 3218 penitus
934 3119 1093 3213 differre,
1115 3141 1233 3217 neque
1242 3143 1401 3198 eosesse
1410 3121 1471 3215 qui

384 3281 502 3337 rerum
523 3272 742 3336 externarum
764 3259 899 3359 species
921 3259 957 3332 iu
976 3282 1015 3334 re
1028 3258 1203 3358 suscipere
1223 3260 1367 3336 ualeant.

432 3397 566 3476 ‘Sensus
584 3398 690 3496 enirn,
707 3408 744 3475 ut
762 3401 792 3474 ei
810 3397 960 3490 videtur,
975 3419 1170 3498 excerpere
1185 3396 1469 3475 simul-etauimo

386 3541 522 3641 pendet,
537 3541 641 3638 inque
658 3537 787 3638 duplici
801 3549 924 3613 natura
947 3538 1116 3614 consistit.

435 3683 535 3771 Quod
557 3681 603 3757 ad
622 3703 748 3780 corpus
766 3681 908 3777 attinet,
929 3677 990 3754 ubi
1009 3676 1158 3753 sentitur
1186 3677 1329 3776 aliquid,
1353 3677 1470 3752 simile

373 3820 436 3898 ‘rei
449 3821 614 3920 subjectae·
624 3813 663 3894 tn
677 3829 801 3896 sensus
817 3817 1235 3912 instrumentum,·quum
1245 3813 1405 3912 ejusdcm
1420 3811 1474 3888 rei

372 3965 534 4038 ‘sormam
550 3961 701 4060 'accipiat
715 3969 749 4036 et
764 3957 865 4034 faciat
877 3957 1052 4034 scemata
1068 3955 1165 4032 enirn
1173 3955 1283 4035 doum
1297 3951 1388 4028 nihil
1403 3963 1471 4045 est,

385 4087 454 4180 nisi
470 4112 586 4177 motus
596 4099 656 4199 ‘q'ui
670 4125 714 4176 en¹
724 4121 763 4174 re
777 4097 935 4175 sensibili·
946 4096 1298 4194 unienspuaputm
1308 4091 1473 4168 medium

332 4344 335 4350 .
385 4239 626 4318 instrumentis
645 4238 798 4314 attettur.

269 4429 301 4496 ”s
424 4383 482 4458 ⁴lla
500 4383 557 4457 ⁴de
589 4379 792 4477 nequidem
819 4388 941 4453 onnes
971 4377 1043 4451 tere
1069 4373 1112 4452 ad
1137 4397 1252 4454 unum
1282 4366 1472 4474 praesentis
