3467 5492
112 4858 122 5024 l

778 623 982 687 -100-

345 792 403 866 sed
423 814 491 866 non
510 791 586 866 ideo
606 791 715 887 magis
730 790 876 867 in‘nobis
891 791 1064 891 intelligit,
1077 772 1180 893 quam
1196 760 1302 870 sentit
1312 795 1420 870 Deus.

397 913 471 1004 Nee
489 928 606 1004 minus
625 933 770 1027 insuper
790 928 882 1004 idem
900 930 1094 1028 culpandus
1120 944 1189 1023 est,
1209 933 1244 1006 in
1270 955 1311 1007 eo
1331 932 1425 1030 quod

351 1068 522 1143 sublatum
539 1067 618 1142 velit
647 1090 751 1142 omne
781 1067 969 1144 discrimen
991 1068 1081 1144 inter
1095 1069 1128 1144 id
1149 1071 1240 1167 quod
1266 1069 1426 1166 intelligit

349 1216 382 1280 et
401 1205 434 1279 id
455 1206 547 1302 quod
565 1205 779 1304 intelligitur.
795 1201 842 1279 Ut
857 1205 950 1280 enim
970 1207 1074 1283 modo
1088 1207 1223 1284 dicebat
1245 1208 1339 1283 idem
1354 1230 1427 1282 esse
1479 1191 1482 1197 ’

353 1342 478 1418 sentire
504 1367 545 1417 ac
577 1343 757 1442 percipere
790 1367 950 1435 sensum,
981 1347 1024 1419 ita
1057 1370 1152 1421 nunc
1182 1347 1309 1446 saepius
1337 1369 1427 1445 prae-

354 1481 445 1554 dicat
461 1503 541 1554 eum
557 1479 616 1577 qui
637 1479 796 1578 intelligit
809 1481 964 1578 seipsum
983 1482 1176 1579 intelligere
1197 1506 1264 1558 nec
1284 1483 1428 1559 minime

356 1617 494 1695 differre
510 1641 583 1693 rem
612 1619 785 1716 cognitam
813 1618 855 1694 ab
886 1642 926 1694 eo
945 1619 1003 1717 qui
1021 1643 1095 1695 rem
1115 1622 1311 1719 cognoscit,
1331 1631 1430 1699 «αὐτὸ

354 1768 437 1835 ἑαυτὸ
456 1760 644 1856 γινώσνειἸ,
664 1771 712 1839 «ἡ
737 1770 794 1857 γὰρ
821 1767 962 1856 ἐπιστήμη
988 1772 1006 1840 ἡ
1030 1771 1185 1859 θεωρητικὴ
1215 1773 1263 1836 καὶ
1286 1771 1318 1837 τὸ
1341 1764 1430 1846 οὕτως

356 1906 505 1977 ἐπιστητὸν
517 1906 549 1972 τὸ
568 1902 639 1973 αὐτό
656 1897 754 1973 ἐστιν’
768 1923 801 1972 n.
821 1893 942 1993 Neque
960 1896 995 1969 in
1017 1898 1083 1972 hoc
1102 1898 1242 1992 labitur,
1264 1899 1357 1996 quod
1376 1923 1432 1976 res

358 2037 426 2110 duo
444 2036 615 2133 sejunctas
642 2046 676 2110 et
695 2035 837 2111 seorsim
865 2039 1030 2133 sepositas
1052 2037 1087 2109 in
1119 2048 1199 2112 actu
1220 2038 1432 2137 intelligendi

358 2172 537 2248 admittere
552 2171 656 2248 nolit:
680 2195 734 2247 res
757 2172 850 2247 enim
878 2197 953 2271 quae
987 2173 1200 2272 intelligitur,
1221 2200 1290 2250 non
1309 2176 1434 2251 intelli·

358 2310 450 2407 gitur
462 2320 552 2384 extra
574 2322 742 2402 mentem,
760 2333 872 2407 neque
891 2333 932 2385 eo
948 2311 1051 2386 modo
1067 2322 1223 2410 separata
1242 2283 1377 2387 videtur
1391 2313 1435 2415 ub

362 2472 402 2524 eo
424 2449 482 2548 qui
497 2449 680 2546 intelligit,
700 2470 768 2546 quo
782 2448 871 2546 lapis
891 2449 949 2524 hie
964 2450 1007 2524 ab
1022 2450 1080 2526 illo
1100 2450 1213 2548 lapide
1235 2442 1435 2550 separatum

363 2589 482 2686 sieque
498 2589 574 2686 jure
596 2588 697 2662 datur
714 2586 908 2680 Aristoteli,
924 2589 1090 2686 quidquid
1103 2589 1248 2666 sentitur
1263 2603 1297 2666 et
1312 2590 1438 2664 intelli·

361 2728 454 2825 gitur
474 2726 586 2801 inesse
613 2725 648 2798 in
667 2748 707 2801 eo
732 2730 789 2822 qui
811 2726 913 2800 sentit
938 2737 972 2800 et
998 2725 1170 2823 intelligit.
1194 2728 1263 2801 Sed
1290 2726 1324 2800 id
1343 2727 1438 2824 quod

362 2867 576 2966 intelligitur,
601 2867 823 2943 etiamsinon
854 2866 1160 2959 redissociemus,
1187 2880 1303 2943 mente
1322 2880 1437 2944 temen

362 3006 593 3083 abstrahimus
614 3007 657 3082 ab
673 3028 712 3081 eo
729 3007 787 3104 qui
810 3007 992 3104 intelligit,
1013 3028 1165 3104 nequee
1193 3005 1298 3082 rebus
1328 3031 1366 3082 ea
1383 3005 1439 3081 di-

362 3146 518 3221 versitate
534 3143 714 3234 distinctis,
732 3167 842 3218 unum
860 3154 894 3218 et
912 3143 1022 3237 idem,
1045 3143 1110 3218 nisi
1131 3143 1275 3217 nomine
1291 3154 1439 3234 tantum,

366 3269 526 3362 efficitur.
726 3385 730 3393 ἱ
937 3248 946 3268 ⁶

417 3423 508 3511 Quin
522 3422 593 3497 imo
613 3444 681 3496 non
700 3421 758 3496 hic
776 3421 870 3497 stetit
887 3420 966 3496 finis
993 3444 1171 3513 errorum;
1200 3419 1443 3532 quumquead

371 3564 632 3642 similitudinem
652 3561 844 3637 intellectus
859 3561 1004 3636 humani
1027 3583 1132 3658 quem
1146 3561 1192 3634 ita
1210 3559 1364 3656 ignorat,
1383 3556 1446 3629 in-

371 3704 547 3779 tellectum
574 3701 729 3774 divinum
754 3699 916 3797 effingere
944 3699 1065 3773 nititur
1086 3697 1301 3786 Aristoteles,
1325 3697 1446 3770 endem

372 3841 506 3916 ratione
530 3837 713 3935 decipitur,
736 3835 859 3933 deique
878 3846 1036 3909 naturam
1054 3834 1195 3938 adducit
1206 3834 1242 3906 in
1256 3856 1356 3931 grave
1369 3833 1448 3906 dis-

374 3979 519 4054 crimen.
542 3955 645 4052 Ponit
663 3975 756 4050 enim
771 3975 825 4050 dei
843 3997 970 4050 nomen
991 3974 1025 4046 in
1048 3972 1219 4071 principio
1239 3995 1308 4072 quo
1323 3983 1449 4049 cuncta

418 4291 427 4324 ¹
451 4292 511 4364 Περὶ
525 4287 605 4362 dex„
620 4278 641 4344 l.
654 4280 706 4355 ΙΙΙ,
721 4298 748 4340 c.
762 4296 791 4355 v,
806 4279 825 4360 3
839 4280 869 4339 6.

414 4401 426 4446 ³
447 4391 571 4472 loica.
583 4390 634 4471 111,
647 4408 727 4466 c.1v,
741 4388 760 4476 S
774 4390 823 4449 ΙΙ.
