3467 5492
717 604 897 668 ...ffl-

197 731 200 738 ¹
267 753 395 852 plicant
425 753 670 853 exquisitisque
700 755 895 830 rationibus
940 756 1183 832 confirmant:
1213 777 1340 856 nempe

268 914 341 968 rem
362 904 550 986 extensam,
575 893 673 991 quasi
698 907 908 991 quassatam,
926 905 1050 993 sponte
1074 920 1134 971 sua
1152 895 1286 972 uibrare
1312 909 1346 972 et

268 1031 447 1128 impellere
466 1023 715 1106 oiroumlusum
735 1031 904 1124 medium,
924 1044 1081 1109 movente
1094 1045 1208 1109 autem
1228 1033 1342 1108 medio

270 1169 481 1262 cieriaureS,
498 1170 618 1245 oculos
632 1184 691 1245 aut
706 1193 829 1245 nervos
843 1182 965 1263 taetus,
981 1184 1081 1269 atque
1094 1172 1173 1247 inde
1187 1171 1343 1271 protinus

269 1309 381 1384 varios
399 1331 520 1384 sensus
540 1309 614 1384 fieri
630 1335 640 1400 ;
658 1307 694 1382 id
714 1308 828 1406 ipsum
841 1320 970 1401 nostor,
990 1311 1054 1385 etsi
1068 1310 1184 1385 minus
1203 1310 1342 1409 apertis,

270 1458 303 1522 at
324 1448 424 1522 oertis
440 1447 553 1522 verbis
573 1447 768 1546 profitetur,
788 1447 858 1521 imo
879 1448 1021 1546 singulis
1051 1449 1168 1548 utique
1188 1450 1347 1526 sensibus

271 1586 535 1662 accommodare
555 1585 650 1660 omni
667 1609 732 1684 ope
752 1585 887 1661 nititur.

320 1755 363 1828 m
384 1758 556 1853 primum,
574 1755 669 1852 juxta
690 1753 797 1851 ipsius
815 1753 1039 1851 opinionem,
1068 1755 1102 1829 id
1120 1757 1213 1853 quod
1240 1757 1348 1833 videri

273 1905 386 1992 potest
400 1895 562 1986 colorem,
578 1918 652 1991 quo·
663 1893 803 1992 quidem
819 1896 893 1971 solo
911 1894 1028 1968 videre
1046 1917 1243 1992 possumus,
1259 1897 1295 1970 in
1311 1920 1349 1972 se

273 2033 387 2109 habet.
410 2032 540 2108 Gelonis
561 2055 640 2108 vero
659 2034 725 2107 hoe
742 2044 792 2108 est
809 2033 1008 2131 proprium,
1031 2043 1070 2108 ut
1086 2048 1221 2110 moveat
1241 2036 1350 2133 pellu-

274 2170 349 2244 cido
370 2190 524 2270 eorpora,
547 2193 644 2267 quae,
665 2193 726 2267 per
744 2193 780 2246 se
804 2169 969 2261 obseura,
1002 2170 1080 2245 luee
1109 2182 1223 2245 tamen
1242 2171 1352 2247 aliena

274 2307 433 2405 perfundi
454 2331 494 2383 ae
516 2309 700 2406 splendere
720 2309 855 2399 valent3
883 2331 1000 2382 aerem
1026 2302 1158 2383 scilieet
1179 2319 1212 2384 at
1228 2333 1352 2407 aquam

275 2447 508 2544 nonnullaque
525 2447 602 2521 alia.
626 2447 753 2544 Sioque
772 2458 904 2538 motus,
923 2470 1061 2544 quema
1081 2448 1196 2522 colore
1212 2447 1353 2545 pelluoi·

278 2587 361 2661 dum
381 2608 519 2685 eorpus,
542 2595 611 2660 eta
634 2607 779 2683 corpore
794 2585 968 2683 pellucido
988 2586 1079 2660 oouli
1097 2584 1284 2684 excipiunt,
1305 2587 1354 2660 el-

277 2727 350 2801 sreit
369 2726 492 2818 visum,
512 2726 654 2824 perinde
671 2749 710 2801 ac
730 2725 758 2800 si
779 2727 918 2823 siguum
934 2728 1025 2824 quod
1042 2726 1077 2800 in
1096 2750 1209 2801 ceram
1229 2726 1355 2825 impri-

277 2865 394 2956 mitur,
414 2887 526 2962 usque
544 2865 587 2939 ad
603 2874 793 2939 extremam
814 2886 933 2939 oeram
949 2866 1240 2940 transmitteretur
1254 2868 1280 2940 ⁴.

327 3028 445 3126 Neque
463 3028 562 3102 aliter
577 3039 628 3102 est
643 3029 685 3103 de
704 3049 803 3115 sone,
826 3026 884 3124 qui
900 3049 967 3100 non
982 3051 1022 3101 ex
1038 3052 1108 3104 uno
1125 3050 1281 3126 corpore,
1294 3030 1355 3105 sed

279 3193 317 3243 ex
332 3167 495 3242 condictu
511 3189 696 3264 corporum
716 3165 856 3264 injusto
872 3165 986 3240 madio
1008 3189 1085 3242 sese
1102 3150 1353 3264 impellentium

281 3311 456 3405 sequitur3
476 3330 587 3403 neque
615 3317 730 3380 lamen
751 3304 899 3379 elfieilur
920 3327 958 3378 ex
986 3327 1156 3379 conoursu
1183 3304 1353 3397 omnium,

281 3469 390 3542 quum
412 3427 578 3519 nonnulla
607 3443 698 3533 sint,
725 3453 764 3517 ut
790 3443 866 3517 lana
891 3454 923 3516 et
947 3442 1109 3540 spongia,
1128 3465 1205 3540 quae
1225 3445 1358 3519 nullum

283 3594 416 3657 motum
431 3581 541 3669 ciere,
564 3580 710 3677 ideoque
742 3580 877 3654 nullum
912 3601 1037 3653 sonum
1054 3578 1194 3653 reddere
1216 3561 1358 3663 valeant}

284 3721 432 3795 Medium
465 3729 581 3794 aulem
602 3729 652 3794 est
672 3741 730 3793 aer
756 3744 763 3791 :
791 3717 892 3816 cujus
912 3727 1054 3811 natura,
1087 3741 1193 3815 quum
1227 3719 1359 3795 infinite

284 3859 466 3945 dividatur,
494 3881 605 3954 neque
626 3857 699 3955 ipsa
719 3857 897 3950 continet,
916 3881 1028 3957 neque
1050 3881 1112 3956 per
1129 3881 1168 3932 se
1194 3858 1275 3932 lacit
1300 3880 1357 3934 so-

285 3999 407 4071 nitum.
424 3996 546 4071 Nullus
562 4006 679 4071 tamen
694 4017 770 4071 esse
782 4005 894 4092 potest
909 3995 1042 4070 sonitus
1061 3995 1135 4071 sine
1150 4018 1241 4089 aare,
1260 3998 1359 4095 cujus

330 4317 338 4352 ι
363 4315 519 4396 uqrqq,
536 4307 620 4388 r.1u;
638 4311 687 4388 u,
705 4309 765 4392 qo.
