3467 5492
682 611 888 676 ·-3a-

268 765 471 862 dubitat,'ut
482 767 604 842 melius
614 766 767 864 designet
777 765 969 866 simplicem
980 767 1069 843 etan
1083 763 1177 838 omni
1197 758 1337 837 materia

270 905 442 983 diversum
458 905 563 981 animi
577 905 751 1002 allectum,
772 929 874 1004 quem
886 905 1182 1004 proprieappellat
1194 915 1342 985 αἰσθητικὴ

269 1050 403 1144 μεσότης,
419 1053 595 1144 μίαμεσότης
606 1049 612 1083 ¹
625 1102 632 1119 .
643 1044 692 1120 lta
703 1068 811 1143 quum
828 1066 947 1118 causas
962 1043 1106 1140 requirit
1118 1061 1181 1118 eur
1193 1026 1340 1140 plantae,

269 1206 423 1280 quaennn
438 1184 533 1258 omni
546 1207 671 1281 genere
689 1183 814 1258 animae
828 1194 968 1278 carent,
988 1181 1086 1256 omni
1096 1192 1212 1257 tamen
1235 1203 1340 1256 sensu

270 1326 430 1418 careant,
447 1321 482 1395 id
509 1322 584 1396 fieri
612 1320 788 1420 dijudicat,
817 1343 857 1394 ex
876 1341 917 1394 eu
937 1319 1031 1418 quod
1052 1319 1176 1417 plantae
1190 1318 1342 1392 babeant

209 1544 211 1546 ,
270 1468 382 1556 neque
403 1460 555 1534 animam
573 1483 649 1558 quae
677 1460 767 1540 allici
786 1459 904 1548 valeat,
918 1481 1039 1556 neque
1069 1457 1340 1531 instrumentum

268 1597 336 1671 tale
350 1597 441 1694 quod
456 1598 673 1674 sensibilium
685 1621 799 1672 rerum
819 1597 947 1670 formas
961 1595 1139 1693 suscipere
1148 1593 1268 1691 pessit,
1281 1593 1339 1669 sed

270 1736 382 1810 Solum
393 1759 473 1811 cult]
488 1737 629 1812 materia
639 1737 797 1836 patiatur,
811 1763 828 1808 (t
843 1749 994 1839 αἴτιονγὰρ
1005 1749 1084 1836 τὸμὴ
1096 1751 1172 1836 ἔχειν
1182 1741 1339 1836 μεσότητα,

268 1882 337 1975 μηδὲ
351 1879 480 1960 relabente
487 1888 644 1977 ἀρχὴγοῖαν
651 1883 753 1959 raisida
767 1883 900 1976 δέχεσθαι
910 1895 966 1967 τῶν
977 1886 1129 1966 αἰσθητῶν,
1138 1877 1217 1951 ἀλλά
1220 1885 1343 1973 πάσχειν

269 2027 343 2112 μετὰ
359 2023 408 2102 τῆς
427 2017 558 2102 blada:
582 2039 649 2090 non
668 2036 766 2091 secus
790 2025 892 2112 atque
921 2038 1026 2112 aqua,
1055 2038 1131 2112 quae
1152 2015 1220 2088 mel
1241 2014 1342 2088 redc-

270 2153 341 2228 lere
363 2153 498 2251 nequit,
520 2153 587 2228 nisi
608 2153 720 2228 mellis
739 2155 846 2252 ipsam
865 2152 1043 2227 materiam
1058 2150 1265 2251 susceperit,
1284 2162 1343 2226 aut

269 2291 372 2366 uestis
392 2314 468 2386 quae
484 2291 619 2365 nullum
640 2290 749 2364 reddit
767 2291 928 2382 odorem,
955 2289 1038 2387 quin
1055 2289 1151 2387 prius
1168 2288 1343 2364 imbiberit

270 2430 395 2505 solidas
410 2431 659 2505 odoriferorum
672 2442 797 2529 partes.
813 2431 911 2517 Quod
924 2428 1044 2504 attinet
1055 2432 1095 2504 ad
1111 2441 1251 2504 naturas
1265 2453 1342 2528 quae

268 2578 349 2641 sunt
363 2566 436 2642 sine
450 2567 595 2664 animiS,
614 2578 791 2642 mutantur
803 2566 945 2664 quidem
958 2566 1132 2642 taetilibns
1146 2567 1260 2663 rebus,
1281 2567 1341 2642 sed

270 2702 353 2777 nibil
376 2705 444 2804 pati
461 2717 616 2803 possunt·
627 2705 670 2782 ab
691 2707 812 2800 odore,
832 2707 917 2779 sonu
934 2705 985 2778 vel
1003 2706 1118 2780 colore
1135 2730 1142 2776 :
1159 2722 1228 2777 non·
1249 2704 1342 2778 enim

269 2842 403 2920 sonitus
429 2844 593 2938 tonitrui,
623 2849 685 2920 sed
705 2869 764 2920 aer
782 2815 840 2942 qui
871 2868 951 2920 cum
970 2843 1098 2918 tonitru
1123 2843 1194 2932 est,
1215 2842 1343 2917 scindit

268 2980 408 3078 lignum.
419 2981 567 3081 Corpora
577 3007 656 3059 vero
669 3008 745 3081 quae
760 2983 952 3058 mediorum
967 2981 1124 3080 partibus
1137 2954 1339 3079 funguntur,

172 3119 175 3126 '
243 3103 248 3122 ⁸
267 3120 424 3194 nonnihil
458 3122 529 3218 pati
549 3122 720 3219 videntur,
742 3145 851 3220 quum
881 3122 1010 3196 turmas
1028 3145 1147 3196 rerum
1169 3122 1245 3197 sine
1270 3145 1343 3196 rna·

268 3259 353 3335 teria
379 3261 569 3359 suscipiant
587 3288 595 3336 :
612 3261 748 3336 sicelet
765 3285 833 3352 aer,
854 3273 1017 3360 tanquam
1048 3260 1177 3357 aliquid
1202 3283 1339 3358 passus.
1371 3335 1375 3342 .

267 3397 339 3472 Ne‘c
354 3409 470 3472 tamen
488 3398 608 3482 eadem
623 3421 764 3498 corpora
786 3421 864 3472 vere
883 3397 1036 3474 sentiunt
1044 3412 1058 3489 ,·
1073 3397 1201 3496 quippe
1214 3397 1340 3496 quibus

268 3534 355 3610 desit
366 3535 491 3627 anima,
502 3543 634 3637 μισότηςς
648 3537 777 3612 idcirco
796 3534 1259 3634 nonullacitaer‚siquidem
1271 3557 1341 3609 non

269 3671 391 3763 sentit,
417 3674 477 3748 sed
511 3697 629 3772 passus
653 3674 721 3749 citu
745 3675 867 3750 sentiri
896 3683 1022 3773 potest,
1046 3685 1106 3750 «a
1134 3684 1186 3773 μὲν
1202 3687 1343 3774 &medat

269 3822 467 3902 αἰσθάνεσθαι,
479 3824 494 3889 ὁ
519 3819 546 3890 δ’
561 3827 617 3914 ἀὴρ
631 3827 729 3892 παθὼν
742 3824 856 3913 ταχέως
873 3825 1005 3901 αἰσθητὸς
1020 3814 1183 3912 γίνεταιῧ.)

279 4161 283 4170 ·
312 4127 321 4160 ¹
344 4131 404 4205 nupt
417 4128 497 4202 tux„
514 4123 535 4183 l.
551 4125 601 4198 lll,
617 4143 644 4184 c.
659 4143 711 4198 vn,
728 4123 814 4204 §aet
828 4127 858 4186 5.

312 4236 324 4268 ¹
345 4242 405 4314 Περὶ
419 4238 499 4314 tex,
516 4235 536 4295 l.
551 4233 588 4307 ll,
606 4251 632 4294 c.
650 4251 705 4308 xrr,
718 4231 737 4312 S
752 4235 782 4295 l.

313 4342 404 4428 ’Περὶ
417 4346 498 4424 buz„
515 4337 535 4401 l.
550 4339 587 4414 ii,
600 4357 625 4400 c.
637 4355 692 4414 llll,
704 4337 723 4421 S
735 4341 765 4404 6.
