3467 5492
820 538 997 604 ..gp-

340 679 342 684 ,
422 704 560 784 Etenim
580 717 659 782 urite
679 705 795 780 omnia
810 717 967 800 censius,
996 729 1066 784 uuo
1084 711 1277 808 eodemque
1291 722 1449 810 tempere

377 844 689 921 diverseseusuuru
700 831 931 922 inssrumeuu
941 846 1101 945 pluribus
1115 849 1217 924 rebus
1227 844 1450 926 sensibilibus

378 983 508 1058 moveri
527 1004 596 1056 non
613 1005 729 1080 pesse,
746 983 831 1080 quin
848 985 965 1081 plures
976 985 1080 1060 simul
1091 987 1302 1084 aceipremus
1313 1007 1448 1081 seusus,

376 1121 447 1218 qui,
463 1121 553 1196 rium
576 1133 787 1198 concurrum
801 1121 836 1195 in
859 1146 983 1216 uuum,
1003 1124 1161 1200 animum
1181 1126 1279 1225 quusi
1300 1151 1369 1202 uuo
1384 1127 1451 1201 iiu-

379 1263 480 1359 pulsu
507 1273 747 1338 eommoveut:
780 1288 857 1360 quae
877 1264 1017 1362 quidem
1037 1265 1184 1371 affertis
1200 1267 1305 1342 ‘uehis
1323 1244 1463 1342 seusiui

379 1425 445 1475 usu
463 1401 534 1474 sere
549 1400 640 1476 veuit
655 1401 692 1476 iu
711 1424 859 1493 rnorem,
875 1402 920 1478 itu
942 1415 979 1477 ut
996 1414 1126 1500 postea,
1140 1409 1248 1502 quum
1268 1427 1379 1481 unum
1396 1416 1457 1479 uut

381 1541 526 1616 alterurn
549 1561 587 1613 ex
609 1541 682 1632 his,
706 1541 832 1639 quibus
855 1555 893 1617 e'u
919 1565 1054 1618 summa
1083 1545 1274 1637 conflatur,
1295 1545 1457 1620 sensibus

382 1680 468 1754 serie
481 1680 711 1778 experiemur,
733 1705 853 1758 omnes
882 1682 957 1771 ulii,
976 1683 1070 1757 relu‘t
1095 1683 1188 1758 inser
1215 1707 1252 1758 se
1280 1685 1459 1782 cunjuncti

383 1818 541 1914 ultroque
559 1818 661 1909 obvii,
677 1821 791 1896 suuiles
807 1821 1238 1919 verentesque-sequantur.
1253 1822 1288 1896 Si
1305 1823 1455 1921 quu'udo,

383 1958 529 2058 exempli
547 1959 674 2056 gretie,
701 1982 741 2034 ex
766 1959 925 2036 fenestris
950 1970 1192 2059 prospectans,
1214 1963 1459 2061 quadrijugum

384 2120 526 2174 eurrurn
551 2109 689 2172 euntem
713 2097 827 2174 vidisti
853 2098 956 2174 simul
987 2111 1022 2173 et
1040 2100 1190 2189 audiisti,
1214 2105 1309 2178 ruine
1327 2103 1461 2202 junctis
1505 2094 1507 2097 ’

384 2236 556 2328 fenestris,
585 2237 709 2316 eedem
730 2237 1016 2334 quadrijugum
1036 2237 1153 2314 souitu
1177 2239 1231 2312 vir
1255 2241 1388 2333 audito,
1407 2241 1461 2340 ip-

369 2374 459 2450 sius
478 2397 601 2452 eurrus
624 2348 785 2467 sermaru,
806 2375 927 2450 eitaies
942 2397 1071 2470 eques,
1091 2376 1347 2476 collectumque
1370 2366 1466 2454 eires

387 2515 565 2611 puluerem
579 2513 691 2587 videre
704 2511 766 2587 ribi
779 2511 919 2589 videris.
934 2511 1008 2588 Nee
1020 2523 1136 2586 temen
1150 2512 1263 2612 reipsa
1279 2515 1385 2607 rides,
1403 2517 1462 2591 sed

297 2695 298 2698 =
388 2652 607 2726 solummodo
624 2673 683 2742 ea,
699 2674 776 2747 quae
790 2649 964 2746 quendam
978 2648 1111 2740 vidisti,
1127 2649 1254 2724 iterum
1272 2655 1389 2728 auimo
1400 2651 1463 2728 tibi

387 2789 509 2888 fingis,
537 2788 656 2884 sieque
685 2787 765 2882 sieta
792 2762 969 2861 servus'iu
1002 2786 1110 2860 oeulis
1140 2797 1202 2860 eut
1229 2798 1383 2862 amente
1414 2810 1463 2900 re·

388 2950 516 3005 rueres.
531 2925 652 3022 Neque
666 2924 765 3000 aliter
786 2947 893 3022 quum
907 2935 1030 2998 natu-ra
1042 2924 1174 3000 dederit
1189 2926 1375 3019 alimentis,
1391 2926 1464 3024 qui-

388 3069 454 3144 bus
476 3065 660 3150 vescimur,
685 3063 838 3162 jucunde
867 3062 1042 3160 ingruere
1068 3086 1188 3161 supere
1211 3077 1245 3139 et
1264 3064 1377 3153 olere,
1401 3081 1465 3140 usu

388 3205 498 3294 decri,
527 3203 609 3298 quid
641 3206 677 3276 in
709 3222 921 3299 unoquoque
947 3201 1085 3277 salubre
1109 3202 1291 3278 noxium've
1313 3202 1467 3277 futurum

389 3347 444 3436 sii,
460 3342 732 3441 odoratu—prius
745 3364 849 3440 quern
863 3351 976 3439 gustu,
990 3365 1061 3418 neu
1076 3341 1216 3439 quidem
1228 3341 1397 3417 sentimus
1411 3343 1468 3416 sed

390 3488 586 3586 conjecture
605 3488 823 3580 assequimur
842 3506 882 3558 ex
909 3505 1074 3580 saporum
1100 3482 1309 3580 imaginibus
1327 3503 1414 3580 quus
1434 3479 1469 3554 in

387 3625 491 3702 uobis
507 3625 599 3700 uluo
612 3623 854 3700 informamus.
876 3623 968 3709 Quin
987 3622 1092 3698 uiam
1108 3646 1179 3698 nun
1195 3623 1261 3721 ipsi
1280 3622 1385 3714 osuii,
1404 3621 1471 3696 nisi

391 3765 541 3842 adhibita
560 3774 673 3839 taetus
689 3786 768 3864 ope,
786 3785 863 3861 quae
880 3768 924 3838 sit
936 3763 1098 3840 distansia
1110 3763 1473 3863 veruque-magnitude

391 3907 729 4006 figuraquereruru,
759 3925 822 4002 per
850 3925 888 3978 se
906 3901 1105 3994 discernere
1125 3902 1246 3977 valent.
1273 3902 1349 3976 Hoc
1379 3899 1474 3974 enirn

395 4071 459 4133 usu
481 4045 658 4144 cognitum
675 4044 867 4127 habemus,
888 4043 1059 4131 infantes,
1080 4043 1140 4119 ubi
1157 4043 1309 4142 primurn
1339 4053 1475 4142 apertos

394 4187 514 4262 oeulos
531 4185 599 4259 hue
618 4183 700 4258 illuc
715 4182 874 4265 veliunt,
896 4180 983 4255 nihil
1004 4181 1205 4278 percipere,
1229 4181 1297 4256 uisi
1324 4181 1474 4280 superfi-

396 4325 485 4405 ciem
510 4321 697 4428 quamdam
725 4319 827 4400 variis
858 4318 1032 4397 coloribus
1060 4318 1238 4406 indulsum
1257 4320 1472 4412 meruere,
