3467 5492
724 579 906 646 -a3÷

281 730 626 830 eripiarerbaqoa,
639 733 758 829 qrccut
784 724 1208 830 cepreesmohscummm
1222 733 1348 825 cenem

283 868 381 966 quasi
397 869 451 944 rix
475 869 629 954 madium
650 880 845 962 manseram
866 871 1049 950 nonenim
1075 872 1194 955 audire
1220 872 1302 946 licet
1318 872 1352 945 id

283 1006 517 1106 quoddictum
534 1016 596 1098 est,
611 1007 690 1104 quia
706 1031 764 1086 aer
775 1007 1217 1105 ipsomcrudesormcmr.
1234 1007 1351 1083 ld'am-

284 1147 384 1227 nefrt
400 1147 442 1222 de
456 1153 497 1224 eo
515 1145 607 1243 quod
623 1145 769 1238 videtur,
783 1155 821 1222 ut
835 1146 1026 1231 audiendus
1044 1147 1088 1225 sir
1113 1148 1351 1246 Empedocles,

284 1310 392 1387 quum
410 1287 484 1361 vult
501 1297 615 1362 ortum
635 1309 654 1360 a
672 1285 744 1365 solo
760 1286 878 1362 lumen
891 1286 988 1384 prius
1004 1286 1216 1364 armedium
1227 1311 1355 1384 ,quam
1384 1261 1386 1265 ¹

217 1429 222 1440 '
284 1428 326 1514 qd
345 1427 461 1526 ipsum
479 1428 620 1510 oculum
645 1428 767 1514 autad
789 1438 916 1511 terram
942 1427 1124 1508 devenire?
1140 1427 1180 1504 ld
1200 1427 1354 1527 quidem,

285 1571 439 1665 qoamvis
450 1567 544 1650 nullo
559 1567 752 1650 modocum
762 1568 895 1650 ratione
909 1591 1064 1666 pugnare
1076 1570 1231 1660 fateatur,
1245 1578 1361 1642 noster

286 1718 408 1805 negat;
431 1717 617 1804 contraque
633 1707 797 1800 defendit,
815 1708 917 1805 idque
937 1707 1046 1800 salso,
1062 1718 1173 1783 totum
1189 1705 1356 1796 medium,

287 1869 354 1944 quo
378 1846 528 1932 vibrante
558 1846 681 1932 ltlmoc
696 1846 873 1938 efficitur,
890 1847 1012 1924 codem
1043 1843 1208 1943 temporis
1230 1853 1359 1941 puncto

289 1986 434 2077 moceria,
453 1985 745 2084 quomadmodum
767 1984 875 2081 glacie
892 1988 1085 2059 concrescit
1112 1982 1217 2058 simul
1247 1982 1360 2056 omnis

289 2149 390 2229 aqua,
411 2137 741 2224 amnemamnem
761 2124 963 2217 odoremvez,
984 2127 1034 2200 sic
1059 2123 1174 2198 lucem
1193 2123 1359 2220 gradatim

290 2267 380 2350 ultro
400 2266 554 2362 citroque
575 2263 720 2344 diffundi
735 2265 761 2358 ἲ.

339 2405 425 2482 Eam
443 2415 558 2482 tamcrr
578 2425 651 2479 esse
661 2401 795 2500 judicat
814 2400 919 2481 medii
938 2401 1200 2489 necessitatem,
1217 2411 1267 2494 ut,
1290 2425 1363 2476 mc·-

292 2543 348 2619 dio
369 2542 690 2641 quomodocumque
707 2540 876 2629 detracto,
902 2541 1036 2614 nullam
1060 2539 1363 2632 sensimtcmrem,

293 2682 372 2760 licet
391 2691 603 2780 praesentem,
618 2678 735 2757 sentiri
750 2701 848 2776 posse
862 2679 1060 2754 contendat.
1081 2678 1116 2751 Si
1131 2679 1220 2776 quis,
1235 2678 1358 2777 inquit,

294 2819 327 2897 id
347 2819 438 2916 quod
458 2819 608 2893 colorem
625 2818 750 2908 habet„
770 2841 874 2915 super
895 2819 1010 2916 ipsum
1033 2817 1173 2892 oculum
1196 2819 1362 2915 posuerit,

296 2957 380 3034 nihil
398 2955 540 3046 videbit;
561 2979 658 3048 rr2am-‚
683 2967 720 3034 ut
735 2956 900 3048 videatur,
924 2957 1039 3031 colore
1056 2980 1185 3050 aerem,
1204 2979 1364 3032 acreac-

297 3105 366 3171 tem
388 3094 527 3171 oculum
546 3093 674 3169 moveri
696 3105 841 3192 oportet.
863 3093 943 3169 Ideo
966 3117 1036 3175 non
1056 3118 1134 3169 vere
1154 3096 1288 3170 locutus
1314 3107 1368 3171 eet

297 3232 523 3324 Democritum
540 3244 578 3310 ut
597 3233 699 3312 etiam
715 3233 887 3310 Aristoteli
903 3234 1047 3324 videtur,
1064 3258 1170 3332 quum
1191 3233 1361 3310 existima·

297 3371 358 3461 vit,
382 3371 411 3448 si
430 3371 585 3452 medium
602 3371 750 3469 spatium
767 3395 913 3448 vacuom
932 3375 1014 3448 torte
1033 3372 1145 3464 fieret,
1162 3374 1364 3468 formicam,

298 3533 373 3607 quae
390 3513 442 3590 vel
457 3509 492 3590 ic
508 3510 594 3586 coelo
614 3520 713 3597 esset,
728 3510 830 3607 plane
844 3509 949 3586 videri
963 3532 1079 3607 posse.
1097 3511 1196 3600 Quod
1207 3513 1365 3588 fierinon

301 3658 408 3745 potest
415 3673 424 3738 ;
450 3671 530 3722 nam
545 3647 628 3722 visio
646 3647 719 3722 ficri
735 3647 870 3745 nequit,
886 3646 951 3742 qisi
971 3648 1004 3721 id
1017 3651 1107 3745 quod
1125 3649 1293 3725 sentiendi
1305 3673 1367 3748 po-

300 3797 455 3861 testatem
476 3787 589 3878 habet,
604 3787 733 3885 aliquid
753 3788 919 3884 patiatur3
941 3809 1115 3885 quumque
1129 3789 1214 3863 nihil
1235 3790 1366 3886 abipso

302 3925 429 4016 colore,
443 3925 500 4023 qui
514 3925 658 4018 videtur,
673 3925 742 4024 pati
751 3926 871 4018 valcat,
883 3936 987 4002 restat
997 3938 1037 4002 ut
1050 3927 1226 4024 patiatura
1241 3930 1367 4005 medio:

259 4183 263 4192 '
345 4209 352 4246 ¹
376 4215 434 4290 me
446 4214 561 4280 arcaea,
578 4225 606 4276 o,
618 4224 660 4282 vr,
674 4207 707 4270 9.

342 4324 354 4358 ¹
374 4316 562 4394 ttic.,c.v1‚
580 4317 629 4377 rt.
