3467 5492
790 606 995 671 -toe-

361 771 407 846 ita
426 772 517 847 iuter
534 796 570 849 se
591 745 695 848 nenos
709 782 743 846 et
754 746 893 871 jugatos
910 774 1061 872 judicat,
1077 756 1116 849 ut
1135 775 1251 849 nullus
1278 797 1352 850 esse
1373 753 1432 850 ve-

322 901 324 908 ’
359 909 425 984 leet
457 910 531 986 siue
563 934 668 986 sensu
697 911 899 988 intellectus
919 896 1139 988 Intellectum
1169 924 1285 988 autem
1307 926 1434 1030 censet

357 1051 440 1125 adeo
460 1073 479 1124 3
499 1072 603 1125 33333
622 1049 771 1142 differre,
791 1061 830 1125 ut
851 1048 890 1125 ex
912 1027 1086 1127 intellectu
1100 1052 1174 1164 3313
1196 1035 1266 1126 3333
1292 1014 1433 1175 seientia

356 1190 528 1287 pendeat,
555 1177 679 1265 nititur
708 1189 802 1264 enim
823 1170 964 1265 scientia
990 1165 1025 1264 in
1047 1174 1263 1284 ratiunibus3
1282 1158 1432 1266 rationes

355 1352 437 1404 vero
466 1329 502 1404 in
533 1329 740 1405 universali:
762 1330 829 1408 hoe
851 1343 968 1405 sutem
990 1330 1181 1407 universale
1215 1355 1283 1407 non
1303 1300 1436 1407 obtinet

338 1492 489 1568 sensus,
513 1470 571 1546 sed
593 1470 800 1547 intellectus
817 1475 867 1545 Ex
884 1495 952 1581 quq
973 1470 1071 1547 nerle
1085 1472 1269 1578 colligitur,
1290 1455 1432 1549 sensum

354 1609 495 1683 nihil
461 1633 528 1684 ursi
519 1609 729 1708 singulare,
759 1601 951 1725 fortuitum,
965 1612 1133 1739 mutabile
1149 1624 1183 1712 et
1193 1625 1430 1733 3333333333,

351 1725 565 1826 intellectum
584 1762 718 1843 eontra,
753 1715 843 1825 nihil
872 1753 937 1826 nisi
969 1718 1204 1828 neeessarium
1214 1710 1429 1847 ‚aeteruum

351 1889 498 1989 simplex
514 1903 548 1968 et
567 1892 783 1968 individuum
810 1881 990 1992 percipere
1006 1917 1117 1992 posse

400 2021 492 2116 Quin
513 2031 650 2138 etiam
641 2056 676 2104 in
697 2053 740 2107 eo
771 2042 909 2153 33333333
929 2043 964 2106 33
994 2031 1123 2107 eminet
1153 2007 1257 2130 supra
1287 2055 1429 2107 sensum

352 2147 548 2244 intellectus
560 2133 684 2267 ,q'ued
706 2193 828 2252 sensus
854 2192 927 2244 333
948 2181 1000 2245 333
1030 2170 1104 2245 sine
1109 2176 1286 2296 corpure,
1320 2196 1338 2246 3
1359 2194 1427 2268 quo

352 2304 486 2406 sejungi
506 2308 594 2384 valet
619 2309 828 2408 intellectus.
856 2313 888 2386 ls
916 2292 1009 2384 enim
1033 2309 1180 2426 minime
1197 2278 1343 2429 corpori
1363 2310 1425 2414 ed-

349 2447 521 2524 miscetur
524 2473 665 2547 neque
679 2449 788 2525 utitur
810 2421 1071 2538 instrumentis,
1103 2474 1167 2526 nee
1184 2451 1310 2550 petitur
1340 2451 1424 2525 celi·
1470 2542 1476 2552 ι

348 2583 432 2660 dum
450 2597 509 2661 aut
534 2587 682 2684 frigus.
705 2555 789 2662 lude¹
817 2587 876 2678 sit,
896 2600 933 2660 33
966 2587 1053 2661 nihil
1076 2562 1272 2710 sentiatur,
1286 2588 1314 2663 si
1344 2589 1424 2684 quid
1458 2557 1468 2570 ‚

349 2697 517 2802 sensuum
539 2724 768 2802 instrumenta
787 2686 1025 2803 vehementius
1041 2728 1204 2802 moverit:
1197 2727 1272 2850 ,sir
1292 2727 1425 2853 lraqore

349 2865 589 2941 obtunduntur
611 2890 731 2955 eures,
763 2879 798 2942 et
822 2857 931 2969 nimio
958 2869 1112 2943 colorum
1142 2867 1325 2966 splendore
1343 2889 1423 2963 per-

346 2983 574 3156 stringuntur
585 2977 732 3128 religant
734 3006 968 3125 urqueoeuli;
959 2981 1072 3081 dum
1095 3006 1306 3156 intellectus,
1327 3017 1422 3154 3333-

218 3343 223 3356 .
342 3281 427 3373 nus,
455 3284 567 3357 sed
533 3259 643 3404 mqgis
665 3283 798 3359 minora
817 3234 997 3399 pereipitl.

388 3421 584 3500 Henetiam
606 3403 686 3498 inde
711 3424 878 3521 sequitur,
897 3446 1044 3559 3333333
1065 3423 1200 3498 nullum
1231 3445 1327 3548 esse,
1348 3420 1418 3496 nisi

338 3559 428 3636 adsit
455 3559 579 3637 eodem
610 3572 767 3659 tempore
802 3585 857 3636 res
881 3532 958 3659 qbae
987 3561 1105 3636 sensui
1113 3520 1295 3658 subjieiat
1296 3583 1357 3634 33·
1379 3583 1417 3632 ea

339 3703 432 3777 euim
454 3726 530 3801 quae
553 3714 632 3776 3333
665 3722 807 3777 sensum
839 3700 1014 3796 efficiunt,
1047 3711 1138 3775 extra
1161 3709 1264 3791 sunt,
1302 3698 1417 3797 ipsum

338 3842 471 3919 scilieet
489 3839 623 3917 visibile
645 3850 680 3912 et
697 3837 848 3914 audibile
875 3847 1056 3934 ceteraque
1076 3836 1267 3928 sensibilia,
1287 3845 1320 3911 et
1348 3857 1415 3908 uua

372 4160 382 4195 ¹
402 4160 457 4215 «Τὸ
479 4157 523 4234 μὲν
540 4157 682 4218 αἰσθητικὸν
705 4157 750 4212 οὐκ
771 4151 829 4210 ἄνευ
853 4106 986 4228 calpurni}
1005 4145 1058 4208 3δῦ
1074 4108 1234 4228 xbpruro'c.»
1259 4151 1319 4227 Περὶ
1331 4148 1413 4224 qux„

331 4261 417 4339 l.111,
430 4279 458 4323 3.
471 4279 512 4340 rv,
529 4259 549 4340 S
565 4261 595 4322 lt.

374 4379 386 4414 ¹
408 4382 468 4458 ssepi
483 4377 564 4456 ψυχ.,
578 4369 600 4433 Ι.
616 4369 667 4446 ΙΙΙ,
680 4387 707 4432 3.
723 4386 763 4444 lv,
781 4367 800 4448 S
816 4369 846 4429 b·
