3467 5492
675 557 855 625 -37-

231 729 265 792 et
291 721 414 794 animae
437 717 614 796 sentientis
645 718 831 814 actionem,
860 717 895 792 id
915 727 987 813 est,
1011 736 1137 792 sonum
1165 726 1243 792 actu
1272 725 1308 792 ei

230 857 385 932 auditum
414 869 502 950 actu,
532 871 578 940 (iri
597 866 627 934 δὲ
645 871 697 934 τοῦ
721 869 855 942 αἰσθητοῦ
874 865 999 958 ἐνέργεια
1019 870 1066 932 καὶ
1093 860 1316 944 τὴςαίπθίρεοξῐ

230 1006 343 1081 ἡαύτὴ
363 1007 414 1098 ’μέν
441 1013 500 1076 ἔστι
517 1009 565 1074 καὶ
585 1011 656 1098 μία,’
674 1009 705 1075 τὸ
724 1005 750 1073 δ’
766 1005 835 1082 εἶναι
860 1007 894 1074 οὐ
914 1007 1018 1076 ταύτὸν
1040 1006 1141 1085 αὐταῖς
1160 1008 1258 1097 ·λὲγω
1283 1005 1311 1075 δ’

233 1144 290 1215 οἷον
304 1144 393 1239 ψόφος
410 1149 424 1215 ὁ
442 1146 507 1216 κατ’
526 1147 732 1239 ἑνέργειανκαὶ
746 1151 818 1221 ἀκοὴ
835 1105 930 1220 iiiia?
945 1147 1085 1237 ἐνέργειαν
1096 1140 1120 1210 ⁴.
1139 1142 1163 1210 o*

287 1274 461 1374 uonoingir
476 1277 570 1351 enim
593 1273 800 1352 mauditum
830 1276 961 1350 habere
985 1287 1019 1352 et
1039 1299 1109 1351 non
1131 1275 1262 1390 audire,
1281 1285 1315 1352 ei

239 1415 273 1489 id
297 1415 389 1511 quod
415 1415 520 1489 habet
549 1435 673 1490 sonum
706 1438 776 1490 non
804 1437 941 1512 semper
974 1425 1092 1510 sonat,
1122 1408 1315 1508 sedunum

200 1563 201 1566 ‘
239 1551 335 1662 audii
349 1553 382 1659 id
410 1552 503 1650 quod
529 1552 650 1628 audire
672 1562 830 1650 potestat
849 1563 957 1627 sonat.
975 1551 1012 1625 id
1027 1550 1120 1649 quod
1137 1562 1249 1649 potest
1266 1551 1317 1626 eie

240 1691 344 1766 ficere
362 1715 505 1782 sonum,
532 1703 606 1766 tum
633 1691 736 1766 simul
762 1691 801 1765 fir
819 1704 853 1766 ei
872 1691 1008 1767 auditus
1030 1701 1064 1765 et
1091 1699 1215 1783 sonus,
1235 1713 1320 1789 quo·

145 1873 147 1880 ·
242 1851 321 1902 rum
339 1829 484 1903 aiterum
498 1828 728 1924 auditionem·
745 1829 892 1930 alterum
903 1827 1133 1904 resonantiam
1149 1827 1258 1903 diras.
1277 1832 1321 1902 Et

242 1966 407 2064 qnoniam
430 1967 597 2064 quidquid
617 1966 774 2054 efficitur,
798 1965 834 2040 in
851 1988 891 2042 eo
906 1966 946 2040 fii
970 1965 1063 2063 quod
1090 1965 1233 2063 patitur,
1256 1990 1321 2042 ne-

245 2128 341 2182 cesse
369 2116 420 2180 est
455 2105 623 2204 quidquid
650 2105 762 2204 reipsa
791 2116 892 2180 sonat
917 2115 951 2179 et
974 2104 1075 2206 audit
1098 2104 1174 2180 fieri
1211 2105 1247 2178 in
1280 2128 1322 2181 eo

245 2245 337 2344 quod
365 2244 482 2320 audire
510 2256 636 2344 potest,
671 2257 725 2326 «ἡ
752 2258 801 2322 τοῦ
829 2256 965 2326 αἰσθητοῦ
997 2253 1121 2345 ἐνέργεια
1147 2257 1196 2321 καὶ
1223 2258 1241 2327 ἡ
1270 2260 1321 2323 τοῦ
1360 2313 1362 2318 .

246 2396 411 2468 atiniarum]
432 2395 460 2462 ἐν
482 2420 523 2484 τῳ
545 2383 735 2484 aioirrorp'.
754 2411 771 2455 i>
792 2385 914 2482 Neque
932 2385 1043 2474 aliter„
1057 2398 1109 2460 esi
1136 2386 1178 2462 de
1203 2388 1326 2464 ceteris

248 2523 427 2601 sensibus.
842 2499 843 2502 Ἴ

300 2690 415 2780 Quum
439 2702 553 2765 aulem
574 2715 641 2766 uua
668 2691 711 2768 sit
728 2691 776 2766 rei
804 2690 941 2766 sensilis
960 2703 994 2766 et
1012 2692 1190 2769 sentientis
1211 2695 1328 2788 actius

249 2852 389 2905 rursum
424 2852 564 2905 neeesse
598 2841 648 2905 est
677 2829 781 2904 simul
810 2830 955 2905 existant
985 2831 1158 2930 simulque
1186 2848 1327 2932 pereant

251 2969 389 3044 auditus
409 2991 450 3044 ae
471 2939 596 3065 sonus,
620 2992 721 3067 sapor
749 2969 871 3044 itidem
905 2994 945 3046 ao
975 2963 1115 3068 gustus,
1149 2984 1337 3072 ceteraque

254 3106 426 3202 similiter,
447 3106 531 3183 dum
562 3117 642 3180 suni
665 3105 800 3204 reipsa,
830 3117 1044 3183 nontamen
1077 3109 1197 3183 eodem
1228 3111 1332 3185 modo

254 3269 367 3344 quum
387 3256 532 3344 possunt
547 3245 660 3319 solum
676 3267 761 3320 esse.
776 3243 924 3342 Ideoque
937 3249 1068 3343 priores
1085 3258 1216 3323 naturae
1231 3272 1332 3324 soru-

156 3441 159 3445 -
256 3397 386 3461 totores
407 3406 478 3459 non
511 3406 605 3480 rere,
635 3357 696 3459 sed
727 3383 888 3481 ambigue
915 3384 1087 3481 dicebant,
1110 3385 1169 3483 qui
1194 3386 1332 3484 quidem

213 3501 218 3511 ¹
258 3522 331 3598 sina
358 3523 428 3598 visu
452 3546 564 3622 neque
582 3523 718 3612 album,
740 3522 1017 3620 nequenigrum‚
1041 3547 1153 3621 neque
1178 3525 1262 3600 item
1283 3526 1350 3600 ul-¹

259 3661 333 3734 ium
349 3662 423 3736 siue
440 3673 542 3759 gustu
558 3683 716 3760 saporem
729 3660 848 3735 adesse
863 3674 1044 3736 censerent
1060 3663 1209 3739 :etenim
1228 3689 1336 3763 quum

261 3798 444 3896 dupliciter
469 3822 592 3876 sensns
610 3798 817 3896 sensiliaque
850 3798 1025 3892 dieantur,
1052 3815 1089 3878 τὰ
1112 3811 1164 3902 μὲν
1185 3817 1262 3883 κατὰ
1284 3787 1339 3882 aa·

308 4132 316 4168 ¹
341 4125 496 4208 napi-pop„
510 4121 531 4189 l.
543 4123 582 4197 11,
598 4121 675 4198 nu,
694 4121 759 4203 §4-
782 4135 785 4142 ’

310 4240 321 4272 ¹
344 4231 684 4316 ioid.·‚:l.11,o.·1r,§a'.
