3467 5492
831 631 876 645 ..
898 597 941 662 gp
963 633 1009 645 ..

392 779 489 832 cesse
509 766 562 834 est
573 769 632 834 eut
650 745 726 834 risu
744 759 934 834 sentiamus
948 779 1012 833 nes
1031 756 1165 846 videre,
1190 755 1329 831 eutelio
1345 777 1461 830 sensu.

391 895 436 972 At
456 896 547 971 idem
568 920 690 975 sensus
712 897 783 971 erit·
797 909 832 972 et
851 897 960 995 ipsius
984 898 1076 973 visus
1089 909 1125 971 et
1146 895 1275 972 coloris
1292 893 1461 987 subiecti:

392 1056 498 1129 quare
514 1034 565 1109 vel
578 1036 647 1110 duo
669 1057 789 1111 sensus
804 1047 906 1110 erunt
923 1036 1081 1134 ejusdem
1102 1035 1271 1133 subjecti,
1295 1034 1346 1108 vel
1370 1033 1463 1128 seip-

393 1191 471 1248 sum
484 1169 701 1268 sentietipse.
715 1171 886 1247 Praeterea
901 1172 931 1248 si
946 1173 1031 1248 alius
1046 1173 1090 1249 sit
1104 1195 1224 1249 sensus
1240 1172 1299 1270 qui
1320 1167 1467 1269 percipit

392 1305 507 1403 ipsum
521 1307 654 1404 risum,
675 1309 787 1384 autin
806 1308 983 1387 infinitum
1002 1310 1121 1402 ibitur,
1147 1322 1205 1385 eut
1217 1309 1291 1408 ipse
1315 1307 1468 1404 seipsum

393 1447 577 1545 percipiet:
600 1471 706 1544 quere
720 1447 755 1524 id
769 1450 805 1523 in
820 1450 934 1548 primo
950 1472 1054 1525 sensu
1068 1459 1120 1525 est
1133 1450 1330 1525 faciendum
1344 1450 1393 1519 ’.Ι

443 1583 510 1657 Sed
531 1605 639 1681 quum
659 1585 705 1660 ite
736 1587 835 1661 docet
863 1588 989 1663 Noster
1014 1591 1087 1662 visu
1107 1609 1171 1663 nos
1189 1587 1316 1662 sentire
1340 1585 1465 1671 visum,

394 1720 513 1796 auditu
533 1721 707 1812 auditum,
729 1724 928 1822 pariterque
945 1737 1078 1802 eeteros
1096 1726 1255 1816 affectus,
1269 1724 1363 1799 idem
1379 1722 1468 1796 mihi

395 1857 529 1934 videtur
542 1883 666 1957 parum
685 1861 896 1959 perspicere,
912 1885 989 1961 quae
1003 1863 1047 1939 sit
1060 1863 1233 1938 distinctio
1253 1862 1344 1936 inter
1356 1861 1471 1934 ridere

394 2006 429 2070 et
447 1997 537 2072 seire
557 2021 594 2074 se
615 1998 744 2091 videre,
768 2001 888 2075 audire
906 2014 940 2076 et
958 2001 1047 2076 seire
1062 2025 1097 2079 se
1117 2001 1255 2092 audire,
1278 2022 1351 2074 uno
1365 1998 1472 2071 verbo

395 2134 524 2212 sentire
555 2147 589 2212 et
615 2137 705 2212 seire
729 2162 765 2214 se
784 2140 925 2216 sentire.
953 2141 1037 2226 011ae
1063 2153 1181 2216 tamen
1202 2107 1378 2214 distinctio
1405 2160 1470 2211 nee

396 2275 488 2350 nulla
510 2298 576 2351 nec
595 2275 731 2350 minimi
756 2279 924 2352 momenti
943 2289 1007 2354 est.
1027 2278 1107 2352 Non
1128 2279 1162 2352 id
1193 2281 1286 2351 enim
1310 2275 1470 2363 diffiteor,

396 2414 532 2489 nullum
553 2437 694 2492 sensum
712 2416 854 2490 omnino
875 2416 1091 2512 incognitum
1119 2437 1233 2513 neque
1259 2435 1333 2488 esse
1357 2435 1472 2508 neque

396 2551 679 2650 intelligi-posse,
704 2553 891 2650 siquidem
906 2575 976 2628 non
1007 2553 1115 2644 audit,
1138 2552 1302 2626 odoratur
1320 2561 1470 2624 auttan-

396 2689 457 2788 git,
467 2689 529 2788 qui
553 2690 664 2764 nescit
684 2713 719 2764 se
732 2691 864 2780 audire,
891 2691 1027 2766 odorari
1042 2700 1105 2764 eut
1124 2701 1282 2786 tangere3
1296 2689 1471 2787 planeque

394 2827 563 2904 assentior
575 2827 861 2905 scholasticorum
882 2828 1063 2904 sententiae
1080 2854 1088 2901 :
1108 2851 1179 2902 non
1198 2826 1384 2917 sentimus,
1402 2825 1471 2899 nisi

394 2965 584 3042 sentiamus
607 2987 669 3042 nes
689 2966 838 3058 sentire3
865 2989 937 3040 non
964 2966 1134 3041 sentimus
1153 2988 1217 3039 nos
1235 2963 1377 3050 sentire,
1403 2960 1507 3035 nisi·

396 3104 598 3181 sentiamus.
615 3104 681 3179 Sed
696 3104 778 3202 quid
793 3104 922 3178 refert?
939 3104 1056 3178 Multee
1069 3113 1150 3178 sunt
1161 3098 1221 3178 *res
1242 3125 1319 3200 quae
1335 3124 1399 3175 nec
1414 3099 1474 3173 di-

392 3241 460 3316 vidi
489 3265 553 3318 nee
574 3242 752 3325 dissociari
773 3226 917 3340 queunt,
949 3265 1026 3338 quae
1046 3253 1161 3316 temen
1185 3239 1434 3315 abstrahe-ntur
1455 3261 1474 3311 a

394 3393 510 3456 mente
541 3393 576 3456 et
595 3381 710 3482 specie
733 3380 912 3456 differunt«.
928 3380 964 3454 Si
977 3363 1173 3478 quisssigitur
1193 3390 1286 3454 amat
1304 3377 1355 3452 vei
1373 3377 1470 3457 odit.

395 3522 520 3598 metuit
534 3522 690 3622 cupiere,
713 3522 743 3597 is
762 3522 904 3620 quidem
924 3520 1003 3593 ideo
1024 3517 1118 3594 nevit
1144 3519 1184 3592 ΙΙ
1197 3518 1287 3616 quod
1309 3530 1403 3593 amet
1424 3521 1477 3592 vel

394 3663 488 3755 odit,
508 3665 630 3752 metuit
643 3664 699 3737 vei
721 3661 816 3760 eupit
832 3720 841 3754 ,
856 3635 926 3736 ¹nee
946 3670 1061 3734 temen
1075 3659 1158 3734 'ideo
1176 3658 1276 3733 dieas
1288 3657 1383 3732 idem
1399 3680 1477 3732 esse

394 3805 431 3876 in
444 3803 587 3879 eeseire
608 3814 641 3879 et
652 3823 780 3893 amare,
794 3799 921 3894 odisee,
941 3809 1098 3872 metuere
1117 3797 1327 3894 reitupere.
1347 3794 1478 3892 lteju·

392 3941 469 4017 dieo
488 3965 568 4018 eum
595 3936 927 4034 meentioribue'qui
959 3933 1255 4032 cogitaveruntde
1272 3933 1348 4008 istis
1365 3931 1477 4009 subti-

393 4075 462 4154 lius
483 4076 740 4176 {indiligentius
763 4097 869 4173 quam
884 4072 1098 4155 Aristoteles,
1116 4070 1208 4145 eliud
1227 4093 1304 4146 esse
1322 4070 1475 4166 sentire,

386 4417 389 4422 ,
437 4383 446 4416 t
470 4387 530 4466 ssepi
545 4382 628 4458 tex...
644 4375 665 4437 Ι.
680 4374 731 4450 ΙΙΙ,
750 4391 777 4434 c.
795 4391 830 4448 11,
844 4371 863 4452 S
878 4372 909 4434 ¹·
