3467 5492
756 578 800 589 ..
822 541 863 606 pp
886 577 931 588 -

310 692 440 792 pusilis,
453 693 487 770 *si
499 688 586 792 ‘quid
598 691 706 791 frigus
724 689 760 766 in
775 642 814 768 ¹se
827 692 947 786 habel,
968 704 1002 768 et
1018 713 1080 791 per
1095 690 1248 768 medium
1267 705 1386 769 nervos

309 843 420 909 lanus
439 836 600 932 perculit,
616 832 651 906 in
676 832 773 908 hisce
789 832 913 923 nervis,
933 831 1066 930 quoties
1080 832 1152 931 jam
1170 832 1269 908 allalo
1290 843 1385 908 melu

309 970 456 1063 cientur,
480 969 566 1044 nihil
587 971 801 1063 immutatur,
821 989 933 1068 neque
951 969 1087 1067 frigoris
1106 994 1247 1046 sensum
1273 973 1384 1046 ullum

307 1109 453 1208 percipit
480 1109 608 1184 anima.
634 1108 700 1183 Sed
722 1099 893 1206 ubi‘quid
926 1108 1039 1183 neruis
1071 1107 1226 1206 frigidius
1253 1108 1384 1184 eisdem

306 1249 431 1336 nervis,
449 1273 535 1347 quos
556 1271 619 1346 par
633 1245 786 1322 medium
807 1247 988 1346 contingit,
1005 1245 1138 1322 malum
1155 1272 1257 1323 suurn
1275 1250 1332 1323 dat
1351 1261 1384 1324 el

305 1406 528 1463 communem
555 1385 648 1475 laeil,
672 1385 829 1483 protinus
856 1385 971 1460 anima
991 1385 1070 1483 plus
1095 1386 1251 1462 minusve
1280 1388 1384 1463 sentit

304 1549 367 1625 pro
388 1525 519 1601 ratione
537 1524 658 1601 mutati
676 1535 802 1600 malus.
823 1524 923 1611 Quod
941 1525 967 1599 si
984 1526 1097 1622 quide
1111 1526 1283 1602 centrario
1299 1527 1386 1602 cali·
1474 1622 1477 1627 y

304 1665 380 1740 dius
400 1663 537 1762 corpori
556 1663 695 1739 obvium
714 1664 873 1749 incurrit,
890 1664 1063 1739 lactilibus
1082 1663 1195 1739 nervis
1216 1664 1251 1737 in
1271 1664 1384 1739 diver-

302 1817 380 1877 sum
412 1802 584 1900 impulsis,
618 1803 733 1879 anima
767 1827 887 1878 rursus
915 1804 1065 1879 calorem
1086 1802 1231 1910 patitur.
1263 1802 1383 1902 Neque

302 1945 416 2018 sulum
432 1942 474 2015 in
500 1953 594 2018 laetu
615 1943 723 2042 frigus
745 1953 779 2019 el
798 1943 970 2035 calidum,
994 1941 1055 2018 sed
1076 1943 1179 2018 eliam
1199 1941 1331 2017 siceum
1351 1953 1384 2017 el

301 2081 483 2156 humidum
493 2136 503 2173 ‚-
532 2082 659 2157 durum
686 2092 723 2157 el
750 2083 865 2174 molle,
897 2056 1134 2192 nonnullaque
1160 2081 1225 2156 alia
1257 2084 1382 2158 endem

300 2219 403 2296 modo
420 2202 655 2318 apponuntur.
680 2221 779 2308 Quod
797 2223 840 2296 ad
862 2233 995 2298 celeres
1021 2245 1144 2298 sensus
1169 2232 1317 2319 spectat,
1344 2222 1380 2294 in

299 2379 509 2458 unaquaque
543 2360 644 2436 unica
679 2372 821 2460 apparel
849 2360 1076 2459 repugnantia
1104 2385 1112 2433 :
1140 2359 1190 2435 sie
1218 2363 1313 2435 risus
1339 2359 1381 2434 ad

299 2499 416 2573 album
433 2509 469 2575 el
489 2497 649 2596 nigrum,
672 2498 808 2577 auditus
828 2500 872 2574 ad
891 2507 1034 2575 anulum
1063 2509 1096 2573 el
1115 2521 1238 2597 grave,
1259 2509 1380 2596 gustus

297 2641 339 2716 ad
354 2643 454 2717 dulae
471 2653 504 2719 el
523 2662 680 2718 amarum
700 2642 873 2742 pertinere
892 2641 1052 2716 ridentur
1066 2643 1091 2714 ⁴.

344 2780 429 2857 lude
443 2781 587 2882 insuper
600 2783 702 2860 laeile
715 2783 936 2880 intelligitur,
950 2782 1034 2856 nihil
1049 2781 1238 2857 admodum
1255 2767 1378 2857 senliri

298 2945 410 3021 posse,
426 2945 538 3021 neque
558 2945 668 3021 quum
686 2922 804 3013 levior,
823 2945 938 3019 neque
951 2945 1060 3019 quum
1076 2921 1258 2997 violentior
1280 2947 1379 3022 aequo

297 3065 336 3138 fit
349 3077 474 3148 molus.
491 3063 633 3148 Quoties
649 3061 742 3137 enim
756 3062 851 3136 nullu
871 3074 930 3141 aut
947 3084 1070 3160 parurn
1088 3073 1168 3162 apto
1189 3072 1287 3137 melu
1300 3088 1380 3162 qua·

296 3201 430 3276 liuntur
442 3200 547 3292 oculi,
559 3223 659 3275 aures
672 3199 770 3274 aliive
782 3200 891 3292 nervi,
905 3199 1005 3275 nabis
1027 3210 1109 3275 sunl
1119 3201 1273 3277 tenebra
1289 3213 1323 3277 el
1336 3203 1378 3278 si-

296 3341 456 3435 lentium,
469 3341 652 3440 nullusque
668 3339 976 3415 efficitursensus².
986 3337 1209 3417 Rursn‘srero
1222 3344 1376 3441 eorporis

296 3493 409 3580 parles
420 3480 684 3579 sensibusaplas
696 3478 791 3553 laedit
802 3487 836 3554 el
849 3478 1019 3554 disturbat
1031 3479 1197 3578 quidquid
1210 3479 1246 3554 in
1260 3483 1375 3559 sensi-

295 3620 386 3696 libus
398 3621 501 3697 rebus
516 3630 567 3695 esl
579 3617 747 3710 nimium3
768 3629 802 3694 el
815 3641 923 3716 quum
937 3618 1023 3694 forle
1040 3619 1279 3698 vehementius
1296 3645 1375 3696 rno-

294 3771 429 3853 renlar‚
441 3759 671 3858 tellilurjnsla
689 3757 775 3834 ralio
791 3781 831 3833 ex
846 3781 912 3856 qua
933 3767 1067 3834 constal
1079 3757 1154 3858 ipse
1168 3783 1304 3852 sensus,
1319 3784 1377 3859 pe-

293 3885 1372 3999 rindeaeeonaenluS‚ubivalentioridigiluehnrdaepulsanlur.

337 4180 346 4214 ¹
370 4190 429 4263 Περὶ
442 4183 524 4260 pax„
539 4176 561 4240 l.
575 4177 613 4254 ΙΙ,
631 4179 681 4254 Η,
704 4175 723 4257 S
739 4179 768 4238 8.

337 4294 349 4327 ⁹
370 4287 458 4363 ibid„
477 4286 498 4347 l.
513 4287 550 4363 ll,
565 4288 603 4347 lo
616 4297 644 4347 el
659 4279 709 4347 4¹2.
