3467 5492
731 547 916 611 „51:-

336 711 420 798 Qum
447 711 497 788 sio
525 709 674 788 barbare
700 731 861 808 expressa
886 708 940 785 riu
971 709 1143 789 sustinent
1170 711 1362 808 legentium
1390 721 1395 730 “

287 849 398 941 nonii,
424 872 462 924 ea
483 848 651 926 nimirum
683 870 756 924 non
774 846 892 923 minus
913 847 959 922 ab
978 845 1162 926 Aristotele
1191 870 1296 945 (uram
1319 850 1367 926 ab

285 987 360 1086 ipsa
387 987 520 1066 natione
537 988 731 1066 abhorrere
744 986 837 1064 haud
855 985 959 1064 dubie
975 985 1099 1066 sentiet
1119 986 1276 1085 quisquis
1292 988 1367 1066 reri

285 1121 477 1200 Aristotelia
502 1121 715 1220 seripturam
742 1121 892 1198 nouerit:
912 1126 972 1219 qui
1002 1146 1110 1221 eumn
1126 1123 1217 1200 diem
1238 1125 1367 1202 iorntas

188 1357 194 1364 .
285 1283 403 1338 rerunt
422 1264 500 1340 siue
526 1260 673 1338 materia
689 1260 822 1359 suseipi
836 1283 937 1359 posse
958 1263 1060 1340 aben
1077 1263 1139 1360 qui
1157 1267 1280 1355 sentit,
1298 1287 1366 1339 nee

249 1507 250 1511 .
284 1412 399 1478 tamen
421 1402 501 1478 velit
519 1425 600 1480 eum
615 1402 677 1501 qui·
699 1403 803 1481 sentit
820 1427 895 1480 esse
915 1408 1107 1482 aninama
1134 1426 1280 1504 corpore
1305 1428 1361 1484 se-

279 1538 465 1636 iunctam.
481 1540 540 1616 sed
565 1539 749 1624 honinem
775 1539 891 1638 iusum
909 1564 1056 1640 empore
1075 1543 1231 1619 simulet
1248 1541 1364 1617 anima

284 1689 511 1770 eonstantem,
533 1679 618 1758 iliud
635 1682 728 1779 quod
743 1681 794 1757 sie
811 1683 949 1780 eorpori
967 1682 1031 1760 soli
1045 1683 1209 1780 magister
1224 1683 1369 1782 proprie

283 1819 463 1912 tribuerat,
485 1820 553 1896 hee
570 1818 691 1918 ipsum.
699 1820 740 1894 in
755 1821 884 1899 animae
905 1831 1029 1899 natura
1041 1821 1234 1920 diseipnlus
1247 1823 1364 1921 ponit3

283 1959 409 2033 formas
433 1957 527 2032 enim
555 1982 674 2034 rernm
704 1983 795 2058 quas
816 1959 873 2034 iiie
897 1959 936 2036 in
952 1960 1033 2036 entis
1050 1962 1365 2038 sensuuminstru

283 2097 408 2176 mentis
426 2097 710 2198 eireurusoriptas
735 2101 864 2193 tenuit,
886 2101 943 2180 hie
965 2100 1134 2198 gradatim
1161 2101 1311 2181 tr'edneit
1326 2102 1362 2175 in

283 2236 446 2314 ammam.
465 2238 533 2312 Sati
552 2239 632 2340 quia
655 2240 749 2316 nulla
770 2251 884 2338 potest
901 2239 1108 2316 esse-animo
1122 2259 1203 2316 eum
1218 2261 1364 2337 corpora

283 2376 506 2474 cunjunctio,
529 2379 696 2472 easdem,
730 2403 814 2476 qenes
848 2401 1035 2477 corporeas
1066 2379 1248 2478 profitetur
1277 2350 1366 2454 intra

280 2513 436 2611 primum
450 2514 531 2606 iter,
559 2515 691 2592 sensim
714 2516 889 2594 extenuari
915 2517 1032 2593 eundo
1057 2517 1155 2614 tingit
1176 2515 1358 2604 averroes,
1381 2546 1389 2570 ·

283 2655 414 2746 donee,
435 2679 476 2732 ex
492 2656 566 2731 aliis
587 2657 626 2734 in
640 2656 723 2734 alias
737 2657 932 2735 subtiliores
949 2669 1113 2752 munte.
1131 2679 1274 2740 omnem
1290 2675 1362 2734 ma·-

280 2911 355 2976 iliius
371 2912 486 2996 picturae
493 2935 509 2992 ς,
520 2925 547 2978 et
564 2914 626 2982 ideo
640 2914 716 2996 qnod
730 2914 838 2980 exsistit
853 2913 882 2978 in
901 2915 1113 2980 rememorativa
1123 2914 1210 2997 magis
1223 2926 1266 2981 ast
1277 2916 1360 3002 spiri·

280 3020 354 3086 tuale
369 3039 454 3102 quarn
471 3022 545 3104 quod
569 3021 675 3084 exsistit
691 3023 720 3085 in
737 3022 837 3088 virtute
853 3022 1042 3105 imaginativa.
1068 3025 1102 3087 Et
1117 3025 1183 3106 quia
1204 3025 1255 3086 ista
1273 3023 1360 3087 uirtus

174 3117 178 3122 ’
279 3137 321 3188 est
342 3125 515 3192 diversarum
529 3129 680 3206 actionum,
700 3129 768 3192 adeo
782 3129 865 3192 habet
880 3129 990 3192 diversa·
1004 3131 1064 3194 loen
1080 3130 1109 3192 in
1125 3129 1225 3212 eapite.
1242 3133 1276 3193 Et
1295 3132 1361 3212 quia

279 3236 402 3298 sentiens
413 3237 498 3300 sentit
509 3238 614 3320 primo,
633 3239 732 3304 deinde
747 3238 915 3321 imaginetur
925 3239 1092 3321 imnfflnans,
1102 3239 1206 3302 deinde
1217 3239 1364 3321 distinguit

278 3342 465 3425 distinguens,
483 3345 582 3410 deinde
605 3345 703 3428 reeipit
719 3365 905 3422 eonservans,
923 3365 1040 3411 neeesse
1051 3358 1142 3411 estut
1158 3346 1312 3428 imaginans
1325 3349 1359 3411 sit

279 3449 309 3512 in
325 3450 455 3514 Orizonte
480 3452 610 3515 anteriori
633 3452 760 3529 cerebri,
784 3452 885 3516 deinde
907 3453 1029 3539 cogitans
1045 3453 1080 3516 sit
1093 3454 1122 3516 in
1141 3453 1244 3529 medio,
1262 3454 1362 3518 deinde

279 3574 437 3620 memorans
452 3569 479 3620 et
492 3577 660 3622 conservans
677 3558 711 3622 sit
724 3559 752 3620 in
770 3558 914 3640 posteriori
928 3560 1087 3623 cerebri...
1098 3562 1133 3622 Et
1147 3559 1210 3623 ideo
1224 3561 1362 3624 manifesti

279 3661 353 3726 fiunt
371 3665 496 3746 quinque
510 3665 638 3741 omines.
654 3683 774 3748 quorum
790 3668 897 3751 primus
911 3680 953 3730 est
968 3666 1117 3749 eorpornlis
1133 3667 1228 3748 magni
1240 3667 1361 3744 eortieis,

277 3785 306 3836 et
320 3784 362 3838 est
373 3771 461 3836 torma
470 3771 697 3838 sensibilis-extra·
707 3773 828 3839 animam
835 3795 845 3852 ;
857 3774 998 3839 socundus
1011 3785 1104 3839 autem
1115 3785 1156 3836 est
1173 3773 1254 3839 istius
1266 3766 1362 3840 turmae

277 3879 306 3944 in
328 3898 412 3941 sensu
428 3878 586 3955 communi,
607 3891 635 3942 et
653 3890 695 3944 est
715 3880 822 3962 primus
838 3880 970 3946 ordinum
990 3879 1176 3962 spiritualium
1185 3901 1195 3956 ;
1209 3880 1307 3945 tertius
1320 3895 1363 3945 est

278 4005 339 4050 esse
354 3985 414 4068 ejus
429 3984 459 4047 in
474 3985 575 4049 virtute
590 3986 784 4069 imaginatio,
799 3998 827 4049 et
840 4000 881 4051 est
894 3986 1156 4071 magis'spiritualis.
1179 3987 1302 4060 Quartus
1319 3999 1361 4051 est

276 4094 306 4155 in
320 4091 599 4156 virtutodistinetiva.
611 4093 734 4168 Quintus
745 4104 837 4157 autem
848 4093 958 4176 estejus
971 4094 1001 4156 in
1015 4094 1117 4158 virtute
1131 4093 1354 4169 rememorativa,

276 4211 305 4262 et
329 4210 370 4264 est
391 4198 479 4280 magis
497 4199 778 4282 spiritualiszneeipit
793 4199 869 4264 enim
891 4201 1041 4265 nednttan
1063 4200 1157 4285 etna
1176 4212 1238 4285 nupt
1250 4211 1356 4286 μνὴιης.

276 4303 553 4386 Parmenionem.
