3467 5492
721 555 903 642 -95'-

309 753 446 856 Etenim
456 755 486 829 si
498 755 587 829 forte
604 755 692 828 mihi
709 768 897 831 occurrant
907 768 942 831 et
955 759 1025 832 hoc
1037 769 1071 832 et
1081 759 1167 834 illud
1181 772 1214 835 et
1226 755 1342 838 cetera
1361 755 1365 761 ’

263 895 381 985 muita,
404 892 529 991 quibus
555 916 626 968 non
656 894 778 968 eadem
803 906 939 986 natura,
964 897 1024 970 sed
1044 908 1160 986 tamen
1181 904 1342 996 quaedam

264 1031 575 1134 communierunt,
603 1033 736 1130 quoties
760 1034 804 1107 de
827 1033 896 1108 hoc
917 1033 1045 1131 cogito,
1077 1035 1200 1133 utique
1220 1037 1265 1110 de
1282 1037 1342 1113 illo

263 1170 372 1267 deque
388 1170 508 1248 ceteris
523 1168 697 1248 similibus
710 1170 969 1269 quodammodo
984 1170 1106 1270 cogito,
1121 1195 1161 1246 ea
1174 1172 1342 1261 nimirum

263 1319 368 1406 parte,
381 1306 590 1410 quasingula
604 1309 764 1383 eamdem
777 1309 925 1383 sormam
935 1308 1343 1406 praebentneolabuntur

265 1457 300 1534 et
316 1457 474 1542 pereunt,
508 1445 571 1522 sed
591 1445 718 1520 durant
740 1457 774 1522 et
804 1458 1018 1544 permanent,
1041 1450 1144 1544 fitque
1165 1447 1200 1520 in
1225 1458 1342 1525 mente

264 1607 336 1666 mea
360 1609 429 1666 una
449 1585 608 1664 omnium
639 1584 784 1681 species.
807 1585 983 1659 Nimirum
1008 1597 1045 1659 ut
1068 1585 1102 1658 in
1123 1611 1251 1684 pugna,
1268 1590 1341 1664 acie

266 1721 301 1794 in
320 1723 431 1818 sugam
447 1721 522 1820 jam
543 1743 721 1810 conversa,
746 1743 815 1822 uno
831 1731 944 1817 stante
965 1721 1052 1796 alius
1066 1733 1132 1796 stat
1149 1723 1260 1814 mites,
1279 1723 1367 1816 ite-x

266 1883 340 1938 rum
360 1860 460 1953 alius,
493 1861 604 1938 donec
621 1858 817 1961 suboriatur
833 1859 1014 1934 restitutus
1028 1859 1217 1948 exercitum
1236 1861 1342 1936 sicea

266 2007 317 2084 est
332 1997 436 2074 animi
465 2007 599 2089 natura,
622 2007 660 2073 ut
676 1998 742 2073 hoc
765 1997 884 2094 ipsum
899 1996 968 2094 pati
984 1997 1110 2094 possit:
1133 1999 1342 2074 consistente

266 2135 355 2218 enim
381 2158 450 2220 uno
478 2158 518 2216 ex
540 2135 746 2225 individuis,
766 2134 920 2232 primum
941 2135 1080 2231 quidem
1103 2137 1142 2211 tit
1166 2137 1201 2210 in
1227 2137 1341 2212 anima

192 2331 195 2338 .
268 2275 477 2366 uniuersale3
518 2298 599 2350 nam
636 2275 781 2350 sentitur
803 2275 956 2373 ¹quidem
984 2275 1111 2372 aliquid
1143 2275 1340 2370 singulare5

267 2439 388 2490 sensus
406 2437 486 2491 vero
506 2426 638 2513 spectat
662 2415 706 2490 ad
726 2415 947 2513 idnquatenus
973 2413 1179 2496 universale,
1202 2438 1341 2513 nempe,
1423 2385 1426 2390 ¹

265 2553 354 2630 verbi
381 2553 504 2650 gratia,
526 2553 729 2644 hominem,
755 2574 825 2626 non
857 2574 937 2626 vero
970 2551 1111 2627 Calliam
1145 2551 1339 2627 hominem.

265 2691 424 2788 Mensque
451 2713 586 2780 rursus,
614 2690 674 2768 ubi
697 2691 796 2789 plura
819 2687 1026 2795 universalia
1047 2689 1084 2762 in
1108 2713 1145 2765 se
1168 2690 1284 2778 habet,
1305 2691 1342 2765 in

262 2828 315 2902 his
342 2827 510 2919 consistit,
531 2801 640 2910 donec
653 2851 692 2904 ea
710 2828 745 2900 in
766 2849 876 2903 unum
898 2837 934 2901 et
949 2827 1042 2901 idem
1060 2827 1203 2903 collecta
1223 2829 1340 2904 conci-

265 2966 343 3064 piat,
364 2977 466 3063 atque
491 2965 544 3070 ita
562 2965 757 3048 inducendo
775 2965 885 3064 magis
903 2989 944 3040 ac
967 2965 1077 3062 magis
1100 2967 1260 3043 ascendat
1279 2989 1342 3065 per

266 3103 515 3192 universalium
534 3103 659 3200 gradus
676 3106 701 3176 ⁴.
1402 3084 1404 3089 ¹

309 3237 406 3340 At'in
427 3214 542 3316 mente
567 3265 643 3343 quae
665 3245 710 3318 ita
735 3241 879 3338 erigitur
894 3253 930 3316 et
947 3244 1124 3342 consurgit
1136 3245 1186 3340 ad
1201 3244 1344 3320 univer·

261 3381 345 3472 sale,
361 3381 591 3484 quastandem
604 3391 718 3478 partes
729 3380 854 3486 habeat
867 3381 1083 3484 intellectos?
1096 3384 1177 3481 Mihi
1190 3385 1342 3482 quidem,

260 3517 328 3615 nisi
350 3485 432 3604 falsa
454 3517 578 3615 opiner
598 3517 635 3604 in
651 3540 689 3591 re
709 3540 787 3613 quae
804 3517 965 3622 nonnihil
986 3519 1209 3600 dubitationis
1225 3523 1341 3617 habet,

260 3656 493 3754 supradictam
516 3655 710 3730 doctrinam
730 3679 912 3754 perperam
938 3657 1157 3755 interpretari
1180 3660 1342 3737 videntur

261 3792 284 3864 ii
303 3792 375 3890 qui,
396 3815 438 3868 ex
454 3792 564 3884 allatis
577 3775 703 3888 ventiis,
722 3793 925 3888 conjiciunt,
948 3794 1168 3875 Aristotelem
1193 3799 1340 3875 voluisse

262 3898 431 4024 sensum,
466 3931 647 4029 adjuvante
674 3932 865 4020 memoria,
894 3955 959 4045 per
986 3957 1022 4008 sc
1052 3934 1136 4032 satis
1167 3959 1269 4039 posse
1296 3941 1360 4014 ad-

264 4070 522 4164 iniprmandum
537 4071 740 4161 universale.
758 4071 909 4164 Etenim,
927 4095 1034 4168 quum
1049 4074 1239 4168 Socratem,
1254 4077 1342 4153 Alci·
1426 4125 1428 4127 ·

306 4355 313 4388 ¹
337 4343 448 4414 tratur.
461 4353 546 4426 troc,
562 4347 583 4412 l.
598 4349 637 4426 11,
654 4367 682 4410 o.
696 4367 760 4436 xrs.
