<?xml version="1.0" encoding="UTF-8"?>
<!DOCTYPE html PUBLIC "-//W3C//DTD XHTML 1.0 Transitional//EN"
    "http://www.w3.org/TR/xhtml1/DTD/xhtml1-transitional.dtd">
<html xmlns="http://www.w3.org/1999/xhtml" xml:lang="en" lang="en">
 <head>
  <title>
</title>
<meta http-equiv="Content-Type" content="text/html;charset=utf-8" />
  <meta name='ocr-system' content='tesseract 3.04.00' />
  <meta name='ocr-capabilities' content='ocr_page ocr_carea ocr_par ocr_line ocrx_word'/>
</head>
<body>
  <div class='ocr_page' id='page_1' title='image "./quaefueritarist00gratgoog_0080.png"; bbox 0 0 3467 5492; ppageno 0'>
   <div class='ocr_carea' id='block_1_1' title="bbox 815 542 996 609">
    <p class='ocr_par' dir='ltr' id='par_1_1' title="bbox 815 542 996 609">
     <span class='ocr_line' id='line_1_1' title="bbox 815 542 996 609; baseline 0 -17"><span class='ocrx_word' id='word_1_1' title='bbox 815 542 996 609; x_wconf 63' lang='lat'>„80-</span> 
     </span>
    </p>
   </div>
   <div class='ocr_carea' id='block_1_2' title="bbox 340 703 1472 3030">
    <p class='ocr_par' dir='ltr' id='par_1_2' title="bbox 366 703 1447 1361">
     <span class='ocr_line' id='line_1_2' title="bbox 415 703 1447 806; baseline -0.007 -19"><span class='ocrx_word' id='word_1_2' title='bbox 415 711 505 788; x_wconf 90' lang='lat' dir='ltr'>Illud</span> <span class='ocrx_word' id='word_1_3' title='bbox 526 710 621 798; x_wconf 84' lang='lat' dir='ltr'>enim</span> <span class='ocrx_word' id='word_1_4' title='bbox 635 709 766 806; x_wconf 84' lang='lat' dir='ltr'>abipso</span> <span class='ocrx_word' id='word_1_5' title='bbox 783 703 968 782; x_wconf 80' lang='lat' dir='ltr'><strong>Aristotele</strong></span> <span class='ocrx_word' id='word_1_6' title='bbox 987 703 1202 793; x_wconf 83' lang='lat' dir='ltr'>conceditur,</span> <span class='ocrx_word' id='word_1_7' title='bbox 1217 704 1357 778; x_wconf 90' lang='lat' dir='ltr'>nullum</span> <span class='ocrx_word' id='word_1_8' title='bbox 1374 727 1447 780; x_wconf 84' lang='lat' dir='ltr'>esse</span> 
     </span>
     <span class='ocr_line' id='line_1_3' title="bbox 372 841 1447 953; baseline -0.012 -23"><span class='ocrx_word' id='word_1_9' title='bbox 372 877 472 953; x_wconf 87' lang='lat' dir='ltr'>posse</span> <span class='ocrx_word' id='word_1_10' title='bbox 480 873 636 936; x_wconf 89' lang='lat' dir='ltr'>sensum,</span> <span class='ocrx_word' id='word_1_11' title='bbox 646 847 714 921; x_wconf 92' lang='lat' dir='ltr'>nisi</span> <span class='ocrx_word' id='word_1_12' title='bbox 723 844 804 944; x_wconf 90' lang='lat' dir='ltr'>quid</span> <span class='ocrx_word' id='word_1_13' title='bbox 818 841 1070 933; x_wconf 81' lang='lat' dir='ltr'>exteriusedsit,</span> <span class='ocrx_word' id='word_1_14' title='bbox 1082 841 1173 938; x_wconf 89' lang='lat' dir='ltr'>qued</span> <span class='ocrx_word' id='word_1_15' title='bbox 1183 852 1280 940; x_wconf 80' lang='lat' dir='ltr'>aptes</span> <span class='ocrx_word' id='word_1_16' title='bbox 1296 843 1447 940; x_wconf 87' lang='lat' dir='ltr'>corporis</span> 
     </span>
     <span class='ocr_line' id='line_1_4' title="bbox 367 981 1447 1089; baseline -0.013 -21"><span class='ocrx_word' id='word_1_17' title='bbox 367 992 476 1068; x_wconf 84' lang='lat' dir='ltr'>nostri</span> <span class='ocrx_word' id='word_1_18' title='bbox 491 1001 604 1089; x_wconf 85' lang='lat' dir='ltr'>partes</span> <span class='ocrx_word' id='word_1_19' title='bbox 619 1010 680 1086; x_wconf 90' lang='lat' dir='ltr'>per</span> <span class='ocrx_word' id='word_1_20' title='bbox 698 985 851 1059; x_wconf 89' lang='lat' dir='ltr'>medium</span> <span class='ocrx_word' id='word_1_21' title='bbox 870 982 1035 1080; x_wconf 82' lang='lat' dir='ltr'>impellat.</span> <span class='ocrx_word' id='word_1_22' title='bbox 1054 981 1196 1066; x_wconf 81' lang='lat' dir='ltr'>Quoties</span> <span class='ocrx_word' id='word_1_23' title='bbox 1213 1004 1295 1056; x_wconf 88' lang='lat' dir='ltr'>vero</span> <span class='ocrx_word' id='word_1_24' title='bbox 1308 981 1447 1056; x_wconf 90' lang='lat' dir='ltr'>nonnisi</span> 
     </span>
     <span class='ocr_line' id='line_1_5' title="bbox 366 1123 1445 1232; baseline -0.007 -25"><span class='ocrx_word' id='word_1_25' title='bbox 366 1157 429 1232; x_wconf 86' lang='lat' dir='ltr'>per</span> <span class='ocrx_word' id='word_1_26' title='bbox 440 1131 600 1206; x_wconf 83' lang='lat' dir='ltr'>accidens</span> <span class='ocrx_word' id='word_1_27' title='bbox 614 1126 794 1214; x_wconf 88' lang='lat' dir='ltr'>sentimus,</span> <span class='ocrx_word' id='word_1_28' title='bbox 810 1123 999 1198; x_wconf 81' lang='lat' dir='ltr'><strong>admodum</strong></span> <span class='ocrx_word' id='word_1_29' title='bbox 1009 1123 1108 1228; x_wconf 83' lang='lat' dir='ltr'>nihil,</span> <span class='ocrx_word' id='word_1_30' title='bbox 1123 1124 1213 1219; x_wconf 88' lang='lat' dir='ltr'>qued</span> <span class='ocrx_word' id='word_1_31' title='bbox 1226 1123 1290 1198; x_wconf 91' lang='lat' dir='ltr'>sub</span> <span class='ocrx_word' id='word_1_32' title='bbox 1302 1146 1445 1200; x_wconf 90' lang='lat' dir='ltr'>sensum</span> 
     </span>
     <span class='ocr_line' id='line_1_6' title="bbox 368 1261 1444 1361; baseline -0.008 -15"><span class='ocrx_word' id='word_1_33' title='bbox 368 1271 475 1358; x_wconf 81' lang='lat' dir='ltr'>cedat,</span> <span class='ocrx_word' id='word_1_34' title='bbox 499 1278 589 1342; x_wconf 83' lang='lat' dir='ltr'>extre</span> <span class='ocrx_word' id='word_1_35' title='bbox 608 1276 659 1340; x_wconf 88' lang='lat' dir='ltr'>est</span> <span class='ocrx_word' id='word_1_36' title='bbox 677 1291 684 1338; x_wconf 93' lang='lat'>:</span> <span class='ocrx_word' id='word_1_37' title='bbox 701 1267 829 1359; x_wconf 88' lang='lat' dir='ltr'>sicque,</span> <span class='ocrx_word' id='word_1_38' title='bbox 851 1263 935 1337; x_wconf 94' lang='lat' dir='ltr'>dum</span> <span class='ocrx_word' id='word_1_39' title='bbox 952 1261 1019 1335; x_wconf 82' lang='lat' dir='ltr'>lavi</span> <span class='ocrx_word' id='word_1_40' title='bbox 1038 1263 1190 1337; x_wconf 87' lang='lat' dir='ltr'>colorem</span> <span class='ocrx_word' id='word_1_41' title='bbox 1210 1262 1338 1337; x_wconf 83' lang='lat' dir='ltr'>flevum</span> <span class='ocrx_word' id='word_1_42' title='bbox 1363 1287 1444 1361; x_wconf 89' lang='lat' dir='ltr'>per-</span> 
     </span>
    </p>

    <p class='ocr_par' dir='ltr' id='par_1_3' title="bbox 340 1401 1472 2759">
     <span class='ocr_line' id='line_1_7' title="bbox 340 1401 1443 1508; baseline -0.007 -24"><span class='ocrx_word' id='word_1_43' title='bbox 340 1406 345 1416; x_wconf 82' lang='lat'>&#39;</span> <span class='ocrx_word' id='word_1_44' title='bbox 367 1409 470 1508; x_wconf 87' lang='lat' dir='ltr'>cipio,</span> <span class='ocrx_word' id='word_1_45' title='bbox 489 1406 643 1504; x_wconf 86' lang='lat' dir='ltr'>ejusdem</span> <span class='ocrx_word' id='word_1_46' title='bbox 662 1402 882 1479; x_wconf 80' lang='lat' dir='ltr'>dulcedinem</span> <span class='ocrx_word' id='word_1_47' title='bbox 897 1401 983 1474; x_wconf 84' lang='lat' dir='ltr'>milri</span> <span class='ocrx_word' id='word_1_48' title='bbox 1002 1401 1118 1476; x_wconf 85' lang='lat' dir='ltr'>animo</span> <span class='ocrx_word' id='word_1_49' title='bbox 1134 1401 1266 1498; x_wconf 83' lang='lat' dir='ltr'>tingere</span> <span class='ocrx_word' id='word_1_50' title='bbox 1285 1425 1443 1499; x_wconf 85' lang='lat' dir='ltr'>pussum3</span> 
     </span>
     <span class='ocr_line' id='line_1_8' title="bbox 365 1540 1472 1645; baseline -0.007 -22"><span class='ocrx_word' id='word_1_51' title='bbox 365 1569 479 1645; x_wconf 88' lang='lat' dir='ltr'>neque</span> <span class='ocrx_word' id='word_1_52' title='bbox 489 1545 565 1619; x_wconf 90' lang='lat' dir='ltr'>ideo</span> <span class='ocrx_word' id='word_1_53' title='bbox 580 1543 733 1641; x_wconf 82' lang='lat' dir='ltr'>palatum</span> <span class='ocrx_word' id='word_1_54' title='bbox 747 1540 796 1614; x_wconf 88' lang='lat' dir='ltr'>vel</span> <span class='ocrx_word' id='word_1_55' title='bbox 813 1540 1001 1615; x_wconf 90' lang='lat' dir='ltr'>minimum</span> <span class='ocrx_word' id='word_1_56' title='bbox 1015 1551 1148 1614; x_wconf 89' lang='lat' dir='ltr'>motum</span> <span class='ocrx_word' id='word_1_57' title='bbox 1162 1540 1298 1638; x_wconf 77' lang='lat' dir='ltr'>accipit,</span> <span class='ocrx_word' id='word_1_58' title='bbox 1310 1541 1445 1638; x_wconf 89' lang='lat' dir='ltr'>melque</span> <span class='ocrx_word' id='word_1_59' title='bbox 1469 1575 1472 1578; x_wconf 55' lang='grc'>’</span> 
     </span>
     <span class='ocr_line' id='line_1_9' title="bbox 366 1680 1443 1781; baseline -0.005 -23"><span class='ocrx_word' id='word_1_60' title='bbox 366 1683 451 1758; x_wconf 93' lang='lat' dir='ltr'>nihil</span> <span class='ocrx_word' id='word_1_61' title='bbox 469 1683 555 1758; x_wconf 94' lang='lat' dir='ltr'>mihi</span> <span class='ocrx_word' id='word_1_62' title='bbox 568 1683 676 1781; x_wconf 72' lang='lat' dir='ltr'>sapit,</span> <span class='ocrx_word' id='word_1_63' title='bbox 692 1681 847 1755; x_wconf 85' lang='lat' dir='ltr'>imosreri</span> <span class='ocrx_word' id='word_1_64' title='bbox 864 1690 988 1779; x_wconf 86' lang='lat' dir='ltr'>polest,</span> <span class='ocrx_word' id='word_1_65' title='bbox 1003 1691 1042 1754; x_wconf 92' lang='lat' dir='ltr'>ut</span> <span class='ocrx_word' id='word_1_66' title='bbox 1055 1703 1212 1754; x_wconf 81' lang='lat' dir='ltr'>umerum</span> <span class='ocrx_word' id='word_1_67' title='bbox 1225 1680 1269 1754; x_wconf 93' lang='lat' dir='ltr'>sit</span> <span class='ocrx_word' id='word_1_68' title='bbox 1279 1681 1315 1754; x_wconf 93' lang='lat' dir='ltr'>id</span> <span class='ocrx_word' id='word_1_69' title='bbox 1329 1681 1443 1779; x_wconf 87' lang='lat' dir='ltr'>ipsum</span> 
     </span>
     <span class='ocr_line' id='line_1_10' title="bbox 365 1817 1445 1921; baseline -0.006 -24"><span class='ocrx_word' id='word_1_70' title='bbox 365 1824 455 1921; x_wconf 89' lang='lat' dir='ltr'>quod</span> <span class='ocrx_word' id='word_1_71' title='bbox 480 1822 582 1895; x_wconf 89' lang='lat' dir='ltr'>dulce</span> <span class='ocrx_word' id='word_1_72' title='bbox 608 1820 794 1918; x_wconf 83' lang='lat' dir='ltr'>judicetur.</span> <span class='ocrx_word' id='word_1_73' title='bbox 829 1820 880 1894; x_wconf 85' lang='lat' dir='ltr'>Eo</span> <span class='ocrx_word' id='word_1_74' title='bbox 915 1817 1059 1908; x_wconf 84' lang='lat' dir='ltr'>accedit,</span> <span class='ocrx_word' id='word_1_75' title='bbox 1096 1826 1134 1890; x_wconf 94' lang='lat' dir='ltr'>ut</span> <span class='ocrx_word' id='word_1_76' title='bbox 1165 1817 1333 1914; x_wconf 89' lang='lat' dir='ltr'>quidquid</span> <span class='ocrx_word' id='word_1_77' title='bbox 1367 1840 1445 1891; x_wconf 82' lang='lat' dir='ltr'>vere</span> 
     </span>
     <span class='ocr_line' id='line_1_11' title="bbox 365 1957 1444 2056; baseline -0.006 -17"><span class='ocrx_word' id='word_1_78' title='bbox 365 1962 529 2054; x_wconf 88' lang='lat' dir='ltr'>sentitur,</span> <span class='ocrx_word' id='word_1_79' title='bbox 554 1962 606 2036; x_wconf 89' lang='lat' dir='ltr'>vel</span> <span class='ocrx_word' id='word_1_80' title='bbox 626 1961 668 2036; x_wconf 84' lang='lat' dir='ltr'>ab</span> <span class='ocrx_word' id='word_1_81' title='bbox 696 1959 810 2033; x_wconf 88' lang='lat' dir='ltr'>invitis</span> <span class='ocrx_word' id='word_1_82' title='bbox 841 1959 1030 2050; x_wconf 83' lang='lat' dir='ltr'>sentietur,</span> <span class='ocrx_word' id='word_1_83' title='bbox 1062 1957 1262 2056; x_wconf 88' lang='lat' dir='ltr'>neminique</span> <span class='ocrx_word' id='word_1_84' title='bbox 1294 1959 1444 2044; x_wconf 88' lang='lat' dir='ltr'>colerem</span> 
     </span>
     <span class='ocr_line' id='line_1_12' title="bbox 364 2096 1443 2199; baseline -0.007 -20"><span class='ocrx_word' id='word_1_85' title='bbox 364 2125 532 2179; x_wconf 85' lang='lat' dir='ltr'>senumve</span> <span class='ocrx_word' id='word_1_86' title='bbox 561 2101 748 2199; x_wconf 86' lang='lat' dir='ltr'>quemlibet</span> <span class='ocrx_word' id='word_1_87' title='bbox 762 2099 967 2199; x_wconf 87' lang='lat' dir='ltr'>percipienti</span> <span class='ocrx_word' id='word_1_88' title='bbox 980 2099 1080 2173; x_wconf 83' lang='lat' dir='ltr'>liceat</span> <span class='ocrx_word' id='word_1_89' title='bbox 1093 2120 1162 2171; x_wconf 91' lang='lat' dir='ltr'>nnn</span> <span class='ocrx_word' id='word_1_90' title='bbox 1179 2096 1295 2172; x_wconf 89' lang='lat' dir='ltr'>videre</span> <span class='ocrx_word' id='word_1_91' title='bbox 1309 2099 1361 2171; x_wconf 84' lang='lat' dir='ltr'>vel</span> <span class='ocrx_word' id='word_1_92' title='bbox 1375 2121 1443 2173; x_wconf 88' lang='lat' dir='ltr'>non</span> 
     </span>
     <span class='ocr_line' id='line_1_13' title="bbox 361 2239 1446 2340; baseline -0.006 -20"><span class='ocrx_word' id='word_1_93' title='bbox 361 2244 500 2334; x_wconf 82' lang='lat' dir='ltr'>audire3</span> <span class='ocrx_word' id='word_1_94' title='bbox 523 2265 631 2340; x_wconf 93' lang='lat' dir='ltr'>quum</span> <span class='ocrx_word' id='word_1_95' title='bbox 646 2239 810 2316; x_wconf 78' lang='lat' dir='ltr'>contrusi</span> <span class='ocrx_word' id='word_1_96' title='bbox 824 2241 900 2338; x_wconf 88' lang='lat' dir='ltr'>quis</span> <span class='ocrx_word' id='word_1_97' title='bbox 915 2241 957 2314; x_wconf 92' lang='lat' dir='ltr'>de</span> <span class='ocrx_word' id='word_1_98' title='bbox 972 2241 1155 2315; x_wconf 87' lang='lat' dir='ltr'>dulcedine</span> <span class='ocrx_word' id='word_1_99' title='bbox 1173 2239 1251 2331; x_wconf 85' lang='lat' dir='ltr'>levi,</span> <span class='ocrx_word' id='word_1_100' title='bbox 1265 2240 1332 2336; x_wconf 62' lang='lat' dir='ltr'>qui}</span> <span class='ocrx_word' id='word_1_101' title='bbox 1346 2243 1446 2335; x_wconf 83' lang='lat' dir='ltr'>lunge</span> 
     </span>
     <span class='ocr_line' id='line_1_14' title="bbox 363 2380 1444 2494; baseline -0.004 -38"><span class='ocrx_word' id='word_1_102' title='bbox 363 2382 589 2480; x_wconf 77' lang='lat' dir='ltr'>conspicitur,</span> <span class='ocrx_word' id='word_1_103' title='bbox 609 2383 694 2457; x_wconf 88' lang='lat' dir='ltr'>forte</span> <span class='ocrx_word' id='word_1_104' title='bbox 717 2381 861 2494; x_wconf 81' lang='lat' dir='ltr'>cogitet,</span> <span class='ocrx_word' id='word_1_105' title='bbox 877 2382 906 2456; x_wconf 92' lang='lat' dir='ltr'>is</span> <span class='ocrx_word' id='word_1_106' title='bbox 926 2381 1182 2488; x_wconf 82' lang='lat' dir='ltr'>cogitatienem,</span> <span class='ocrx_word' id='word_1_107' title='bbox 1203 2403 1308 2476; x_wconf 83' lang='lat' dir='ltr'>quarn</span> <span class='ocrx_word' id='word_1_108' title='bbox 1328 2380 1444 2470; x_wconf 86' lang='lat' dir='ltr'>hebet,</span> 
     </span>
     <span class='ocr_line' id='line_1_15' title="bbox 363 2517 1445 2617; baseline -0.001 -25"><span class='ocrx_word' id='word_1_109' title='bbox 363 2520 497 2611; x_wconf 89' lang='lat' dir='ltr'>retinet,</span> <span class='ocrx_word' id='word_1_110' title='bbox 516 2519 610 2617; x_wconf 87' lang='lat' dir='ltr'>ejicit</span> <span class='ocrx_word' id='word_1_111' title='bbox 628 2530 690 2608; x_wconf 71' lang='lat' dir='ltr'>⁴arn</span> <span class='ocrx_word' id='word_1_112' title='bbox 707 2529 855 2610; x_wconf 84' lang='lat' dir='ltr'>revocet,</span> <span class='ocrx_word' id='word_1_113' title='bbox 890 2519 940 2594; x_wconf 90' lang='lat' dir='ltr'>uti</span> <span class='ocrx_word' id='word_1_114' title='bbox 962 2518 1045 2593; x_wconf 90' lang='lat' dir='ltr'>libet</span> <span class='ocrx_word' id='word_1_115' title='bbox 1077 2531 1109 2593; x_wconf 92' lang='lat' dir='ltr'>et</span> <span class='ocrx_word' id='word_1_116' title='bbox 1138 2517 1198 2593; x_wconf 92' lang='lat' dir='ltr'>ubi</span> <span class='ocrx_word' id='word_1_117' title='bbox 1216 2519 1299 2610; x_wconf 92' lang='lat' dir='ltr'>vult,</span> <span class='ocrx_word' id='word_1_118' title='bbox 1319 2540 1385 2592; x_wconf 89' lang='lat' dir='ltr'>nec</span> <span class='ocrx_word' id='word_1_119' title='bbox 1406 2540 1445 2593; x_wconf 89' lang='lat' dir='ltr'>se</span> 
     </span>
     <span class='ocr_line' id='line_1_16' title="bbox 362 2660 1099 2759; baseline 0 -26"><span class='ocrx_word' id='word_1_120' title='bbox 362 2661 476 2752; x_wconf 89' lang='lat' dir='ltr'>rebus,</span> <span class='ocrx_word' id='word_1_121' title='bbox 497 2661 558 2735; x_wconf 89' lang='lat' dir='ltr'>scd</span> <span class='ocrx_word' id='word_1_122' title='bbox 574 2660 639 2736; x_wconf 91' lang='lat' dir='ltr'>sibi</span> <span class='ocrx_word' id='word_1_123' title='bbox 657 2683 712 2735; x_wconf 92' lang='lat' dir='ltr'>res</span> <span class='ocrx_word' id='word_1_124' title='bbox 728 2660 937 2759; x_wconf 83' lang='lat' dir='ltr'>subjungere</span> <span class='ocrx_word' id='word_1_125' title='bbox 955 2661 1099 2735; x_wconf 86' lang='lat' dir='ltr'>ridetur.</span> 
     </span>
    </p>

    <p class='ocr_par' dir='ltr' id='par_1_4' title="bbox 363 2791 1446 3030">
     <span class='ocr_line' id='line_1_17' title="bbox 410 2791 1445 2898; baseline -0.001 -22"><span class='ocrx_word' id='word_1_126' title='bbox 410 2803 454 2876; x_wconf 94' lang='lat' dir='ltr'>Hi</span> <span class='ocrx_word' id='word_1_127' title='bbox 487 2824 567 2876; x_wconf 87' lang='lat' dir='ltr'>vere</span> <span class='ocrx_word' id='word_1_128' title='bbox 598 2802 771 2876; x_wconf 84' lang='lat' dir='ltr'>adventitii</span> <span class='ocrx_word' id='word_1_129' title='bbox 810 2824 946 2893; x_wconf 91' lang='lat' dir='ltr'>sensus,</span> <span class='ocrx_word' id='word_1_130' title='bbox 984 2801 1043 2898; x_wconf 91' lang='lat' dir='ltr'>qui</span> <span class='ocrx_word' id='word_1_131' title='bbox 1078 2800 1218 2875; x_wconf 89' lang='lat' dir='ltr'>nonnisi</span> <span class='ocrx_word' id='word_1_132' title='bbox 1253 2791 1445 2897; x_wconf 64' lang='lat' dir='ltr'>imprc&#39;prie</span> 
     </span>
     <span class='ocr_line' id='line_1_18' title="bbox 363 2940 1446 3030; baseline -0.002 -14"><span class='ocrx_word' id='word_1_133' title='bbox 363 2965 530 3017; x_wconf 93' lang='lat' dir='ltr'>sensuum</span> <span class='ocrx_word' id='word_1_134' title='bbox 559 2963 686 3016; x_wconf 86' lang='lat' dir='ltr'>nomen</span> <span class='ocrx_word' id='word_1_135' title='bbox 716 2942 863 3030; x_wconf 85' lang='lat' dir='ltr'>hebent,</span> <span class='ocrx_word' id='word_1_136' title='bbox 890 2941 1148 3016; x_wconf 87' lang='lat' dir='ltr'>intellectui-ne</span> <span class='ocrx_word' id='word_1_137' title='bbox 1168 2941 1274 3016; x_wconf 90' lang='lat' dir='ltr'>tribui</span> <span class='ocrx_word' id='word_1_138' title='bbox 1294 2940 1446 3028; x_wconf 81' lang='lat' dir='ltr'>debent?</span> 
     </span>
    </p>
   </div>
   <div class='ocr_carea' id='block_1_3' title="bbox 359 3066 1445 3314">
    <p class='ocr_par' dir='ltr' id='par_1_5' title="bbox 359 3066 1445 3314">
     <span class='ocr_line' id='line_1_19' title="bbox 361 3066 1445 3178; baseline -0.001 -24"><span class='ocrx_word' id='word_1_139' title='bbox 361 3081 515 3173; x_wconf 87' lang='lat' dir='ltr'>Minime,</span> <span class='ocrx_word' id='word_1_140' title='bbox 541 3081 567 3155; x_wconf 89' lang='lat' dir='ltr'>si</span> <span class='ocrx_word' id='word_1_141' title='bbox 587 3080 728 3178; x_wconf 89' lang='lat' dir='ltr'>quidem</span> <span class='ocrx_word' id='word_1_142' title='bbox 756 3081 802 3154; x_wconf 90' lang='lat' dir='ltr'>illi</span> <span class='ocrx_word' id='word_1_143' title='bbox 822 3081 862 3155; x_wconf 82' lang='lat' dir='ltr'>ad</span> <span class='ocrx_word' id='word_1_144' title='bbox 884 3103 938 3155; x_wconf 90' lang='lat' dir='ltr'>res</span> <span class='ocrx_word' id='word_1_145' title='bbox 968 3066 1159 3177; x_wconf 81' lang='lat' dir='ltr'>singulares</span> <span class='ocrx_word' id='word_1_146' title='bbox 1184 3092 1218 3156; x_wconf 91' lang='lat' dir='ltr'>et</span> <span class='ocrx_word' id='word_1_147' title='bbox 1236 3083 1366 3167; x_wconf 79' lang='lat' dir='ltr'>fluxas3</span> <span class='ocrx_word' id='word_1_148' title='bbox 1386 3081 1445 3153; x_wconf 92' lang='lat' dir='ltr'>in-</span> 
     </span>
     <span class='ocr_line' id='line_1_20' title="bbox 359 3219 1442 3314; baseline -0.002 -20"><span class='ocrx_word' id='word_1_149' title='bbox 359 3221 518 3296; x_wconf 84' lang='lat' dir='ltr'>tellectus</span> <span class='ocrx_word' id='word_1_150' title='bbox 550 3242 642 3310; x_wconf 88' lang='lat' dir='ltr'>vern,</span> <span class='ocrx_word' id='word_1_151' title='bbox 663 3220 708 3294; x_wconf 83' lang='lat' dir='ltr'>ad</span> <span class='ocrx_word' id='word_1_152' title='bbox 736 3221 770 3294; x_wconf 91' lang='lat' dir='ltr'>id</span> <span class='ocrx_word' id='word_1_153' title='bbox 799 3221 892 3314; x_wconf 85' lang='lat' dir='ltr'>qued</span> <span class='ocrx_word' id='word_1_154' title='bbox 914 3219 1115 3294; x_wconf 86' lang='lat' dir='ltr'>universum</span> <span class='ocrx_word' id='word_1_155' title='bbox 1136 3231 1170 3294; x_wconf 92' lang='lat' dir='ltr'>et</span> <span class='ocrx_word' id='word_1_156' title='bbox 1189 3230 1359 3294; x_wconf 79' lang='lat' dir='ltr'>ueternum</span> <span class='ocrx_word' id='word_1_157' title='bbox 1378 3231 1442 3311; x_wconf 90' lang='lat' dir='ltr'>est,</span> 
     </span>
    </p>
   </div>
   <div class='ocr_carea' id='block_1_4' title="bbox 329 3354 1446 4440">
    <p class='ocr_par' dir='ltr' id='par_1_6' title="bbox 329 3354 1446 4440">
     <span class='ocr_line' id='line_1_21' title="bbox 360 3354 1446 3460; baseline -0.002 -24"><span class='ocrx_word' id='word_1_158' title='bbox 360 3371 529 3459; x_wconf 84' lang='lat' dir='ltr'>spectant.</span> <span class='ocrx_word' id='word_1_159' title='bbox 550 3363 615 3437; x_wconf 88' lang='lat' dir='ltr'>Sed</span> <span class='ocrx_word' id='word_1_160' title='bbox 632 3361 837 3437; x_wconf 82' lang='lat' dir='ltr'>Aristoteles</span> <span class='ocrx_word' id='word_1_161' title='bbox 860 3362 934 3460; x_wconf 89' lang='lat' dir='ltr'>ipse</span> <span class='ocrx_word' id='word_1_162' title='bbox 963 3354 1114 3437; x_wconf 82' lang='lat' dir='ltr'>medinm</span> <span class='ocrx_word' id='word_1_163' title='bbox 1135 3383 1275 3439; x_wconf 84' lang='lat' dir='ltr'>sensum</span> <span class='ocrx_word' id='word_1_164' title='bbox 1294 3360 1382 3434; x_wconf 92' lang='lat' dir='ltr'>inter</span> <span class='ocrx_word' id='word_1_165' title='bbox 1412 3372 1446 3434; x_wconf 90' lang='lat' dir='ltr'>et</span> 
     </span>
     <span class='ocr_line' id='line_1_22' title="bbox 359 3496 1442 3597; baseline 0.003 -26"><span class='ocrx_word' id='word_1_166' title='bbox 359 3499 572 3574; x_wconf 88' lang='lat' dir='ltr'>intellectum</span> <span class='ocrx_word' id='word_1_167' title='bbox 587 3511 705 3575; x_wconf 86' lang='lat' dir='ltr'>censet</span> <span class='ocrx_word' id='word_1_168' title='bbox 726 3522 802 3592; x_wconf 88' lang='lat' dir='ltr'>esse</span> <span class='ocrx_word' id='word_1_169' title='bbox 819 3499 890 3573; x_wconf 91' lang='lat' dir='ltr'>vim</span> <span class='ocrx_word' id='word_1_170' title='bbox 908 3496 1182 3595; x_wconf 82' lang='lat' dir='ltr'>imaginetivam,</span> <span class='ocrx_word' id='word_1_171' title='bbox 1196 3499 1296 3597; x_wconf 85' lang='lat' dir='ltr'>¹cujus</span> <span class='ocrx_word' id='word_1_172' title='bbox 1313 3510 1442 3596; x_wconf 83' lang='lat' dir='ltr'>partes,</span> 
     </span>
     <span class='ocr_line' id='line_1_23' title="bbox 358 3611 1445 3734; baseline 0 -22"><span class='ocrx_word' id='word_1_173' title='bbox 358 3638 421 3714; x_wconf 91' lang='lat' dir='ltr'>etsi</span> <span class='ocrx_word' id='word_1_174' title='bbox 435 3611 553 3712; x_wconf 83' lang='lat' dir='ltr'>minus</span> <span class='ocrx_word' id='word_1_175' title='bbox 562 3638 715 3712; x_wconf 91' lang='lat' dir='ltr'>dilucide</span> <span class='ocrx_word' id='word_1_176' title='bbox 730 3637 960 3732; x_wconf 89' lang='lat' dir='ltr'>definiuntur,</span> <span class='ocrx_word' id='word_1_177' title='bbox 976 3637 1195 3734; x_wconf 82' lang='lat' dir='ltr'>supradictos</span> <span class='ocrx_word' id='word_1_178' title='bbox 1209 3660 1271 3734; x_wconf 90' lang='lat' dir='ltr'>per</span> <span class='ocrx_word' id='word_1_179' title='bbox 1281 3638 1445 3713; x_wconf 84' lang='lat' dir='ltr'>accidens</span> 
     </span>
     <span class='ocr_line' id='line_1_24' title="bbox 358 3776 1445 3862; baseline 0 -11"><span class='ocrx_word' id='word_1_180' title='bbox 358 3800 479 3852; x_wconf 89' lang='lat' dir='ltr'>sensus</span> <span class='ocrx_word' id='word_1_181' title='bbox 501 3777 585 3851; x_wconf 92' lang='lat' dir='ltr'>mihi</span> <span class='ocrx_word' id='word_1_182' title='bbox 606 3777 766 3852; x_wconf 89' lang='lat' dir='ltr'>videntur</span> <span class='ocrx_word' id='word_1_183' title='bbox 785 3777 851 3850; x_wconf 90' lang='lat' dir='ltr'>sibi</span> <span class='ocrx_word' id='word_1_184' title='bbox 867 3776 1055 3852; x_wconf 80' lang='lat' dir='ltr'>vindicare.</span> <span class='ocrx_word' id='word_1_185' title='bbox 1079 3776 1284 3862; x_wconf 69' lang='lat' dir='ltr'>«Quoniam</span> <span class='ocrx_word' id='word_1_186' title='bbox 1298 3791 1389 3851; x_wconf 78' lang='lat' dir='ltr'>certe</span> <span class='ocrx_word' id='word_1_187' title='bbox 1405 3801 1445 3852; x_wconf 88' lang='lat' dir='ltr'>re</span> 
     </span>
     <span class='ocr_line' id='line_1_25' title="bbox 329 3909 1443 4012; baseline 0 -25"><span class='ocrx_word' id='word_1_188' title='bbox 329 3969 331 3974; x_wconf 83' lang='lat'>-</span> <span class='ocrx_word' id='word_1_189' title='bbox 355 3925 458 4005; x_wconf 84' lang='lat' dir='ltr'>mota,</span> <span class='ocrx_word' id='word_1_190' title='bbox 479 3913 554 3987; x_wconf 89' lang='lat' dir='ltr'>fieri</span> <span class='ocrx_word' id='word_1_191' title='bbox 583 3909 698 4012; x_wconf 79' lang='lat' dir='ltr'>&#39;potest</span> <span class='ocrx_word' id='word_1_192' title='bbox 717 3927 755 3989; x_wconf 91' lang='lat' dir='ltr'>ut</span> <span class='ocrx_word' id='word_1_193' title='bbox 774 3915 869 3989; x_wconf 85' lang='lat' dir='ltr'>aliud</span> <span class='ocrx_word' id='word_1_194' title='bbox 902 3926 1076 3990; x_wconf 86' lang='lat' dir='ltr'>moveatur</span> <span class='ocrx_word' id='word_1_195' title='bbox 1109 3914 1153 3988; x_wconf 82' lang='lat' dir='ltr'>ab</span> <span class='ocrx_word' id='word_1_196' title='bbox 1170 3938 1223 4005; x_wconf 84' lang='lat' dir='ltr'>ea,</span> <span class='ocrx_word' id='word_1_197' title='bbox 1246 3912 1443 4009; x_wconf 78' lang='lat' dir='ltr'>imaginatio</span> 
     </span>
     <span class='ocr_line' id='line_1_26' title="bbox 355 4051 1440 4149; baseline 0.002 -27"><span class='ocrx_word' id='word_1_198' title='bbox 355 4075 434 4126; x_wconf 89' lang='lat' dir='ltr'>vero</span> <span class='ocrx_word' id='word_1_199' title='bbox 447 4052 553 4128; x_wconf 89' lang='lat' dir='ltr'>motio</span> <span class='ocrx_word' id='word_1_200' title='bbox 572 4052 732 4149; x_wconf 81' lang='lat' dir='ltr'>quaedcm</span> <span class='ocrx_word' id='word_1_201' title='bbox 749 4076 826 4128; x_wconf 88' lang='lat' dir='ltr'>esse</span> <span class='ocrx_word' id='word_1_202' title='bbox 847 4054 993 4143; x_wconf 88' lang='lat' dir='ltr'>videtur,</span> <span class='ocrx_word' id='word_1_203' title='bbox 1010 4064 1044 4126; x_wconf 89' lang='lat' dir='ltr'>et</span> <span class='ocrx_word' id='word_1_204' title='bbox 1057 4075 1127 4126; x_wconf 87' lang='lat' dir='ltr'>unu</span> <span class='ocrx_word' id='word_1_205' title='bbox 1142 4051 1216 4125; x_wconf 88' lang='lat' dir='ltr'>fieri</span> <span class='ocrx_word' id='word_1_206' title='bbox 1230 4051 1304 4125; x_wconf 91' lang='lat' dir='ltr'>sine</span> <span class='ocrx_word' id='word_1_207' title='bbox 1320 4073 1440 4139; x_wconf 91' lang='lat' dir='ltr'>sensu,</span> 
     </span>
     <span class='ocr_line' id='line_1_27' title="bbox 355 4187 1443 4287; baseline -0.003 -23"><span class='ocrx_word' id='word_1_208' title='bbox 355 4189 414 4264; x_wconf 89' lang='lat' dir='ltr'>sed</span> <span class='ocrx_word' id='word_1_209' title='bbox 435 4188 677 4282; x_wconf 87' lang='lat' dir='ltr'>sentientibus,</span> <span class='ocrx_word' id='word_1_210' title='bbox 700 4203 734 4266; x_wconf 90' lang='lat' dir='ltr'>et</span> <span class='ocrx_word' id='word_1_211' title='bbox 766 4190 809 4264; x_wconf 86' lang='lat' dir='ltr'>ed</span> <span class='ocrx_word' id='word_1_212' title='bbox 847 4190 987 4265; x_wconf 87' lang='lat' dir='ltr'>easdem</span> <span class='ocrx_word' id='word_1_213' title='bbox 1012 4213 1066 4263; x_wconf 90' lang='lat' dir='ltr'>res</span> <span class='ocrx_word' id='word_1_214' title='bbox 1096 4187 1269 4287; x_wconf 89' lang='lat' dir='ltr'>pertinere</span> <span class='ocrx_word' id='word_1_215' title='bbox 1287 4188 1328 4261; x_wconf 87' lang='lat' dir='ltr'>ad</span> <span class='ocrx_word' id='word_1_216' title='bbox 1356 4210 1443 4284; x_wconf 85' lang='lat' dir='ltr'>quas</span> 
     </span>
     <span class='ocr_line' id='line_1_28' title="bbox 358 4327 1443 4440; baseline -0.005 -32"><span class='ocrx_word' id='word_1_217' title='bbox 358 4351 493 4422; x_wconf 80' lang='lat' dir='ltr'>scnsm,</span> <span class='ocrx_word' id='word_1_218' title='bbox 511 4352 618 4440; x_wconf 87' lang='lat' dir='ltr'>quum</span> <span class='ocrx_word' id='word_1_219' title='bbox 632 4352 736 4428; x_wconf 88' lang='lat' dir='ltr'>perro</span> <span class='ocrx_word' id='word_1_220' title='bbox 755 4329 830 4406; x_wconf 79' lang='lat' dir='ltr'>sieri</span> <span class='ocrx_word' id='word_1_221' title='bbox 847 4339 962 4433; x_wconf 88' lang='lat' dir='ltr'>petest</span> <span class='ocrx_word' id='word_1_222' title='bbox 975 4339 1013 4405; x_wconf 91' lang='lat' dir='ltr'>ut</span> <span class='ocrx_word' id='word_1_223' title='bbox 1031 4339 1146 4411; x_wconf 85' lang='lat' dir='ltr'>motus</span> <span class='ocrx_word' id='word_1_224' title='bbox 1161 4327 1291 4404; x_wconf 88' lang='lat' dir='ltr'>orietur</span> <span class='ocrx_word' id='word_1_225' title='bbox 1309 4329 1443 4436; x_wconf 79' lang='lat' dir='ltr'>abipsa</span> 
     </span>
    </p>
   </div>
   <div class='ocr_carea' id='block_1_5' title="bbox 0 0 1738 5492">
    <p class='ocr_par' dir='ltr' id='par_1_7' title="bbox 0 0 1738 5492">
     <span class='ocr_line' id='line_1_29' title="bbox 0 0 1738 5492; baseline 0 3"><span class='ocrx_word' id='word_1_226' title='bbox 0 0 1738 5492; x_wconf 95' lang='lat' dir='ltr'> </span> 
     </span>
    </p>
   </div>
  </div>
 </body>
</html>
