3467 5492
851 599 1025 666 ...22-

400 763 515 830 mutus
535 751 745 843 continuus,
761 752 804 826 ab
827 751 899 827 ieta·
918 773 1066 849 corpure·
1080 748 1234 843 veniens,
1254 771 1375 827 aunem
1395 773 1471 849 pen-

401 893 612 989 cuut,.atquu
629 891 711 966 inde
731 891 770 964 fit
788 891 927 968 auditus
942 894 969 965 ⁴.

448 1033 500 1108 ita
517 1033 556 1108 fit
572 1034 614 1108 de
631 1034 738 1110 odone
748 1060 757 1126 ;
773 1057 853 1110 nam
870 1033 1037 1133 quidquid
1054 1032 1133 1124 olet,
1156 1032 1218 1108 etsi
1241 1032 1342 1108 nobis
1356 1011 1479 1109 minus¹
1548 1071 1553 1078 ·

401 1172 547 1253 mestit
566 1173 704 1265 uliaetu,
725 1172 784 1271 qui
804 1195 928 1250 sensus
940 1164 976 1246 in
993 1172 1135 1248 humine
1153 1173 1261 1247 hebes
1279 1182 1330 1247 est
1349 1181 1383 1246 et
1401 1193 1475 1246 oms

402 1315 499 1389 nium
515 1311 871 1412 pinguissimus‚.nun
897 1312 1008 1391 solum
1035 1335 1098 1410 per
1115 1332 1252 1402 aerem,
1284 1312 1345 1387 sed
1372 1312 1475 1386 etiam

402 1417 465 1551 pen
483 1473 607 1550 aquam
634 1449 797 1542 sentitur,
828 1447 998 1547 siquidem
1018 1449 1171 1547 pnaedam
1200 1449 1369 1525 fluviatica
1398 1449 1474 1539 ani-

401 1589 500 1663 malia
523 1589 575 1664 vel
596 1588 701 1663 odore
719 1586 888 1684 vestigant
903 1587 930 1659 ².

448 1729 573 1808 Tactus
591 1751 684 1822 uero,
702 1737 735 1803 et
752 1737 886 1825 gustus,
906 1727 966 1825 qui
990 1728 1100 1805 ferme
1121 1738 1173 1802 est
1197 1727 1286 1804 alius
1308 1725 1472 1824 tangendi

402 1869 537 1958 modus,
562 1868 605 1945 ad
624 1866 753 1965 aliquid
770 1865 1016 1965 ent-propinquo
1035 1864 1312 1964 percipiendum,
1331 1889 1475 1941 cannam

402 2021 435 2084 et
454 2008 623 2104 linguam·
637 2017 798 2103 tanquam
819 2005 986 2093 medium,
1003 2003 1179 2080 adhibent.
1199 2001 1324 2100 Neque
1336 2014 1473 2092 tamen,

401 2131 498 2232 quasi
519 2155 580 2232 peu
601 2154 715 2206 aerem
737 2140 772 2205 et
800 2154 926 2232 aquam
946 2131 1122 2221 uidemus,
1146 2130 1305 2205 audimus
1323 2140 1358 2204 et
1373 2126 1475 2204 'odu-

401 2294 533 2362 ramur,
553 2270 599 2346 ita
627 2293 768 2368 pmrsus
790 2293 852 2368 per
875 2269 1027 2382 linguam
1057 2280 1091 2346 et
1119 2292 1277 2360 carnem,
1298 2281 1333 2344 at
1361 2269 1475 2367 petius

402 2437 468 2488 una
498 2435 578 2492 cum
599 2411 715 2509 lingua
737 2421 777 2486 et
790 2435 894 2486 earne
917 2411 1110 2503 sentimus3
1131 2412 1274 2510 perinde
1292 2435 1332 2488 ae
1352 2410 1379 2488 si
1397 2414 1475 2508 quis

401 2563 496 2626 trans
514 2561 652 2628 scutum
674 2551 898 2648 perfodiatur,
921 2574 992 2625 uon
1006 2551 1099 2626 dicas
1113 2552 1202 2627 serm
1221 2562 1374 2643 scutum,
1392 2573 1476 2626 scu-

402 2700 508 2789 toque
525 2681 703 2764 hominem
731 2687 881 2786 percuti,
904 2689 967 2764 sed
990 2688 1123 2786 percuti
1156 2688 1259 2764 simul
1281 2699 1316 2763 et
1338 2699 1475 2764 scutum

403 2841 436 2904 et
451 2838 573 2926 peetus
589 2831 616 2902 ³,

451 2970 635 3062 Neminem
653 2994 744 3063 vem,
760 2971 824 3048 nisi
849 2996 910 3069 per
926 2972 1097 3070 quoddam
1114 2973 1284 3071 ejusmodi
1306 2969 1474 3061 medium,

405 3110 657 3207 sentineposse‚
677 3130 746 3182 nun
765 3109 878 3184 solum
899 3109 1100 3185 firmissime
1120 3114 1242 3184 asserit
1263 3109 1475 3194 Aristoteles,

405 3247 465 3322 sed
484 3245 586 3320 etiam
606 3245 708 3320 variis
731 3245 945 3342 argumentis
969 3222 1195 3345 comprobare
1215 3247 1349 3322 nititur.
1377 3245 1479 3322 Notat

405 3381 511 3474 enim,
533 3402 601 3454 non
616 3381 690 3456 sine
710 3404 834 3474 eausa,
859 3381 1015 3458 medium
1034 3382 1117 3457 illud
1141 3407 1158 3458 a
1177 3407 1215 3458 ne
1230 3383 1346 3458 sensili
1377 3385 1478 3480 paulo

406 3530 484 3594 ante
501 3523 642 3611 moveri,
657 3542 760 3618 quam
779 3519 853 3593 fieri
868 3519 975 3617 possit
992 3518 1067 3616 ipse
1083 3542 1219 3595 sensus.
1242 3520 1306 3606 Qui
1325 3501 1417 3594 enim
1444 3521 1478 3594 in

408 3656 680 3754 propinquasset,
705 3657 733 3730 is
763 3655 857 3755 prius
877 3657 1017 3731 odorem
1036 3655 1160 3744 sentit3
1182 3650 1408 3755 similiterque
1423 3681 1479 3734 su·
1525 3676 1527 3680 ·

406 3815 472 3869 nus
486 3803 563 3892 post
579 3794 687 3870 ictum
708 3795 749 3869 ad
763 3816 862 3870 aures
879 3793 1057 3892 pervenit:
1081 3795 1148 3870 hue
1166 3804 1282 3870 autem
1304 3794 1481 3871 declarant

450 4105 459 4139 ¹
478 4053 543 4184 ’Περὶ
556 4107 637 4182 ψυχ..
654 4099 675 4161 l.
689 4100 725 4176 ll,
743 4101 773 4162 8.

447 4218 458 4254 ¹
479 4209 573 4288 ibid„
586 4211 606 4274 Ι.
623 4212 661 4287 H,
682 4215 713 4273 9.

448 4324 460 4357 ⁵
481 4318 569 4396 ibid„
587 4317 607 4380 l.
623 4318 659 4393 ll,
679 4319 728 4393 Η,
743 4316 762 4397 S
778 4321 808 4380 8.
