3467 5492
591 1275 771 1427 ¹mam
809 1330 1031 1426 autumi

322 1619 326 1625 -
350 1583 572 1639 EXPLICATUR
598 1583 705 1638 RATIO
731 1583 828 1647 QUAM
853 1584 900 1637 DE
925 1582 1090 1638 SENSIBUS
1115 1581 1290 1637 INS'l'I'l'UI'l'

692 1710 943 1766 ARISTOTELES.

331 2322 509 2420 Principio
536 2321 661 2420 singuli
683 2321 931 2414 animantium,
961 2333 1000 2396 ut
1025 2321 1200 2426 Aristoteli
1220 2322 1351 2420 placet,

283 2463 399 2550 vitam,
417 2485 483 2559 qua
501 2462 673 2551 fruuntur,
687 2460 884 2535 animarum
900 2460 965 2535 sibi
985 2460 1198 2558 propriarum
1216 2483 1360 2536 munere

282 2614 421 2694 teneut3
440 2613 546 2699 utque
558 2623 686 2699 genere
702 2600 864 2674 differunt
878 2599 1016 2692 animae,
1033 2599 1083 2674 sie
1095 2599 1160 2697 ipsi
1176 2599 1359 2674 suntinter

284 2765 320 2816 se
343 2726 577 2816 dissimillimi.
602 2741 740 2814 Etenim
761 2739 797 2813 iu
818 2740 944 2838 plantis
969 2740 1084 2815 anima
1104 2740 1191 2817 nihil
1210 2750 1275 2848 est,
1292 2740 1360 2815 uisi

284 2881 442 2980 quaedam
459 2879 509 2954 vis
527 2879 665 2970 intima,
693 2902 758 2977 qua
779 2879 913 2978 vigente
937 2891 1099 2963 crescunt
1122 2879 1355 2978 gignuutque‚

284 3043 419 3118 quaque
450 3019 631 3095 deficiente
655 3032 839 3096 senescunt
862 3030 897 3094 et
923 3019 1126 3130 tabeseuut3
1145 3019 1264 3094 eadem
1279 3044 1358 3096 vem

284 3158 321 3232 in
343 3181 554 3256 unoquoque
574 3159 778 3234 animalium
800 3183 870 3234 uon
887 3160 992 3233 modo
1011 3159 1120 3233 nutrit
1138 3170 1171 3235 et
1195 3172 1356 3257 generat,

285 3299 343 3375 sed
363 3299 468 3374 etiam
490 3299 614 3392 seutit3
633 3300 795 3398 ultroque
819 3312 978 3375 movetur
998 3300 1238 3399 impletisque,
1258 3311 1361 3398 atque

285 3439 425 3535 insuper
447 3437 482 3510 in
504 3437 645 3512 homine
662 3437 854 3535 iutelligit¹.
874 3437 994 3536 Neque
1014 3449 1128 3514 tamen
1145 3416 1287 3516 necesse
1309 3452 1362 3516 est

285 3577 438 3651 animam
464 3575 654 3672 quamlibet
683 3575 718 3649 in
743 3576 853 3652 varias
881 3586 995 3674 partes
1033 3601 1146 3653 revera
1176 3579 1362 3654 abscissam

285 3715 384 3813 fingi,
401 3737 511 3812 quum
525 3725 642 3790 contra
657 3739 723 3798 uua
740 3716 931 3814 eademque
946 3717 1015 3791 vim
1028 3717 1198 3792 sentiendi
1211 3719 1362 3795 nutrien-

288 3854 395 3953 dique
406 3866 440 3930 et
453 3855 558 3930 simul
573 3857 733 3936 movendi
748 3868 781 3933 et
794 3856 1005 3956 intelligendi
1018 3859 1149 3934 habeat.
1165 3860 1232 3934 Sed
1245 3883 1365 3958 quem·

287 3997 477 4072 admodum
502 4020 542 4072 ex
567 3998 737 4096 triangulo
758 4022 880 4076 omues
903 4000 978 4075 aliae
995 4000 1210 4097 geometricae
1227 4001 1360 4099 figurae,

328 4287 338 4324 ¹
360 4257 514 4370 dieiudex„
531 4263 597 4356 l.'l,
616 4281 646 4354 l,
665 4281 695 4344 2.
