3467 5492
782 483 887 547 -as
910 518 962 565 -,

338 641 741 742 Ellugitigiturauditum
757 633 1251 736 quidquidgraviusacutiusve
1263 640 1412 720 resonat3

340 783 450 857 visum
473 804 570 872 vero,
592 778 756 877 quidquid
776 775 1018 852 ardentissimo
1044 775 1157 849 colore
1184 770 1362 872 splendet;
1381 782 1415 846 et

342 921 371 996 si
387 921 469 1019 quid
485 919 598 995 acrius
617 920 697 1010 olet,
719 917 882 992 olfactum
896 917 921 987 ¹.
1385 1001 1388 1005 Ι

390 1059 494 1166 Nune
513 1061 653 1134 demum
683 1057 797 1154 ipsum
821 1054 972 1146 sentire,
996 1052 1079 1151 quid
1100 1050 1240 1150 proprie
1260 1049 1304 1128 sit
1324 1050 1417 1147 apud

342 1199 588 1276 Aristotelem?
607 1196 736 1271 Moverl
754 1207 788 1270 el
807 1194 889 1293 pall,
913 1205 1047 1270 κινεῖσθαι
1062 1205 1110 1268 καὶ
1127 1205 1272 1289 πάσχειν,
1289 1202 1326 1265 ut
1346 1189 1419 1288 lpse

344 1339 386 1413 de
415 1362 451 1413 re
478 1336 709 1437 pronuntians
738 1334 906 1433 loquitur.
939 1334 1006 1408 Sed
1028 1356 1105 1431 quae
1123 1332 1173 1408 vis
1191 1331 1271 1407 insit
1301 1330 1336 1403 in
1367 1327 1421 1403 liis

344 1477 478 1568 verbis,
496 1499 598 1551 nemo
631 1475 712 1551 satis
733 1474 906 1567 attendet,
926 1473 993 1549 nisi
1022 1477 1055 1547 in
1084 1484 1250 1572 promptu
1276 1470 1419 1559 habeat,

345 1642 409 1717 qua
436 1617 645 1692 ineluctabili
671 1599 889 1692 connexione
905 1641 1032 1715 corpus
1056 1627 1091 1692 et
1122 1615 1296 1706 animam,
1316 1614 1351 1687 in
1369 1612 1423 1688 lris

347 1782 423 1857 quae
443 1756 586 1834 attinent
603 1757 646 1831 ad
667 1779 828 1848 sensum,
850 1767 967 1833 noster
984 1755 1210 1854 conjunxerit.
1228 1753 1318 1828 Huic
1332 1756 1423 1827 enim

348 1897 505 1970 ridentur
526 1918 646 1970 omnes
670 1896 814 1970 affectus
839 1899 964 1971 animae
985 1919 1066 1970 cum
1095 1917 1242 1992 corpore
1262 1917 1361 1983 esse,
1387 1904 1428 1968 ut

351 2035 413 2128 ira,
430 2034 670 2127 mansuetudo,
690 2035 806 2127 timor,
827 2034 1080 2124 misericordia,
1101 2032 1322 2124 confidentia,
1344 2056 1425 2130 gau·

352 2176 447 2250 dium
475 2186 671 2274 postremo,
704 2174 821 2264 odium
842 2188 944 2273 atque
971 2198 1084 2269 amor,
1112 2199 1187 2272 quae
1208 2186 1330 2250 cuncta
1360 2197 1428 2247 non

352 2315 426 2391 sine
446 2316 596 2413 quodam
618 2314 774 2412 corporis
794 2327 891 2390 motu
921 2316 1065 2392 existere
1086 2328 1251 2414 possunt3
1279 2314 1430 2412 indeque

353 2454 482 2552 colligit
501 2455 643 2530 affectus
663 2455 813 2531 rationes
835 2478 909 2532 esse
928 2456 1079 2530 materiae
1105 2455 1238 2548 insitas,
1258 2461 1374 2538 rnatu
1391 2459 1432 2530 ὅτι

353 2605 392 2671 τὰ
406 2605 481 2676 πάθη
506 2599 582 2692 λόγοι
608 2604 701 2671 uolut
721 2594 834 2687 etor'n,
853 2617 991 2691 nempe,
1011 2604 1049 2668 ut
1076 2594 1237 2687 arbitror,
1257 2593 1432 2669 rariorum

354 2733 541 2808 affectuum
554 2733 721 2810 rationem
735 2756 775 2809 ex
789 2733 922 2810 ratione
932 2733 1102 2809 variarum
1115 2734 1267 2846 materiae
1282 2733 1431 2834 partium

356 2873 517 2969 pendere.

406 3012 480 3087 Nec
492 3023 605 3089 tamen
620 3015 711 3088 idem
726 3015 829 3089 docet
844 3014 997 3089 animam
1013 3015 1123 3113 ipsam
1141 3016 1285 3109 moveri,
1305 3016 1435 3116 quippe

361 3152 418 3250 qui
434 3151 652 3249 potissimum
678 3152 768 3227 hanc
785 3152 1035 3227 nonnullorum
1054 3153 1339 3253 philosophorum
1357 3178 1434 3230 sen-

363 3291 502 3366 tentiam
513 3313 580 3365 non
592 3291 696 3366 semel
708 3293 977 3388 repreliendatet
988 3293 1170 3369 confutet³.
1185 3294 1266 3387 Sed,
1282 3295 1433 3394 quoties-

363 3454 510 3527 cumque
530 3429 676 3505 aslioitur
701 3430 835 3524 anima,
857 3444 1103 3532 congruentem
1130 3434 1166 3507 in
1185 3447 1262 3534 apta
1281 3435 1438 3535 eorporis

365 3579 606 3670 partemotum
625 3567 730 3644 simul
747 3568 821 3642 lieri
852 3580 988 3662 censet,
1007 3569 1075 3645 sive
1094 3570 1238 3648 allectus
1264 3596 1303 3648 ex
1320 3584 1438 3664 motu,

365 3712 432 3787 sire
449 3721 563 3786 motus
576 3734 616 3785 en
628 3708 751 3785 affectu
768 3720 955 3807 sequatur:
976 3709 1026 3785 sic
1044 3710 1080 3786 ln
1094 3735 1195 3788 sensu
1211 3724 1328 3790 motus
1344 3713 1439 3789 venit

408 3987 417 4020 ¹
442 3992 501 4066 up
516 3986 597 4062 ux,
615 3979 636 4040 r.
649 3979 673 4056 1,
687 3981 716 4055 r,
732 3979 751 4061 g
768 3983 816 4043 ro.

408 4099 420 4133 ¹
441 4091 514 4155 rue

409 4206 420 4242 ⁸
441 4198 528 4276 leid,
545 4198 565 4261 l.
579 4198 603 4275 l,
621 4215 648 4259 c.
661 4216 696 4274 u,
709 4215 755 4273 ur,
770 4215 810 4261 ιν.
