3467 5492
723 581 899 649 ..qq-

274 756 437 846 fautores,
452 752 691 851 imprimisque
706 729 1026 828 lucutentu'verbis
1039 722 1350 841 Mniebrenehium,

276 895 358 970 setis
377 904 526 978 constet,
545 893 692 990 ideoque
710 890 864 966 demiror
889 910 953 965 cur
966 884 1128 983 Leukins,
1147 889 1265 993 neseio
1287 913 1355 988 qun

277 1052 361 1107 nura
391 1023 557 1108 moliendi
585 1029 771 1130 eupiditate
805 1040 938 1118 motus,
965 1027 1032 1103 bos
1064 1049 1186 1103 omnes
1212 1027 1358 1126 graviter

276 1172 509 1272 increpuerit,
536 1182 700 1268 tnnqnnm
716 1166 828 1244 rarius
852 1168 1020 1255 odorum,
1048 1165 1225 1257 colurum,
1253 1189 1357 1266 sepo-

278 1333 383 1404 rum,
410 1329 577 1388 senorum
605 1309 773 1407 calidique
804 1305 974 1406 fugitive:
1003 1330 1125 1384 sensus
1158 1328 1273 1384 revere
1295 1331 1356 1383 ex-

235 1545 236 1548 ,
279 1464 396 1529 tensus
411 1473 487 1527 esse
510 1447 797 1528 docuissent⁸.ld
819 1449 1105 1526 enimuntntiune
1132 1451 1277 1548 dignum
1292 1464 1357 1543 est,

281 1593 444 1670 eumdem
463 1591 644 1684 Lesbium,
663 1557 805 1666 Cemesii
823 1587 974 1688 vestigiis
995 1581 1232 1684 insistentem,
1253 1590 1364 1667 fusius

282 1717 485 1824 ostendisse,
513 1732 653 1806 eusdem
677 1751 812 1822 sensus,
839 1738 1012 1827 quatenus
1033 1741 1185 1805 mentem
1211 1741 1364 1808 nestrum

283 1872 450 1960 effitiunt,
472 1871 559 1946 nulii
578 1872 627 1946 rei
650 1881 742 1947 extre
769 1893 833 1946 nos
861 1869 983 1969 pusitae
1002 1871 1110 1968 magis
1141 1870 1273 1948 similes
1289 1858 1363 1946 fieri

283 2021 397 2097 posse,
431 2019 538 2096 quum
563 1999 648 2097 ipsis
690 1999 849 2074 sensibus
879 2019 983 2074 mnes
1015 1997 1143 2097 quibus
1174 1998 1364 2097 significari

285 2147 387 2236 utque
402 2139 438 2211 in
458 2113 665 2214 memoriam
687 2137 838 2214 renotari
850 2137 1007 2213 notente
1027 2163 1044 2211 u

335 2276 456 2378 Neque
476 2279 576 2355 ubter
597 2280 673 2379 ipsi,
701 2301 771 2355 uun
798 2281 899 2378 pauci
925 2303 1091 2374 numeru,
1122 2301 1187 2356 uec
1213 2278 1369 2356 minimae

289 2429 390 2510 notes,
409 2418 622 2517 philosophi,
640 2391 736 2493 Senti
755 2418 852 2512 dicti,
873 2441 1023 2515 quorum
1044 2420 1371 2520 prmripuanumiua

288 2557 354 2630 th.
372 2556 474 2654 Reid,
486 2553 782 2656 bugeid-Stewert
792 2569 827 2633 et
840 2555 1105 2657 boyer-Cnidum
1121 2560 1275 2658 pruierre
1288 2558 1371 2634 sutis

291 2696 377 2784 erit,
397 2696 603 2794 profitentur
617 2696 797 2770 neminem
821 2707 979 2772 nostrum
997 2696 1149 2771 ualidum
1167 2696 1373 2793 frigidumve

289 2836 375 2934 pati,
397 2831 581 2912 odorumve
594 2845 653 2914 tut
670 2860 797 2914 sonum
814 2847 875 2912 eut
892 2837 1043 2912 colorem
1060 2847 1119 2913 aut
1140 2857 1297 2935 saporem
1313 2839 1376 2913 ul-

291 2977 366 3050 lum
386 2975 567 3074 percipere
585 2997 695 3074 posse,
710 2976 794 3070 quin
809 2976 852 3051 de
867 2975 1090 3073 quatientibus
1105 2977 1209 3052 rebus
1225 2976 1373 3052 externis

291 3112 555 3208 inherentibus,
574 3124 738 3212 tunquam
755 3117 798 3190 de
811 3115 925 3191 nausis
943 3117 1087 3191 omnino
1097 3115 1236 3214 ignotis,
1252 3137 1374 3193 neces-

294 3256 388 3332 sario
406 3254 547 3351 cogitet.
563 3251 685 3352 Siquis
702 3277 721 3330 a
736 3275 794 3329 me
812 3264 919 3354 petet,
941 3255 1055 3353 inquit
1070 3252 1170 3352 Reid,
1187 3254 1269 3353 quid
1287 3255 1375 3330 sitin

294 3407 370 3470 rusa
386 3394 656 3473 udoris'nomine
671 3395 816 3488 dietum,
837 3397 974 3470 nullum
989 3416 1196 3494 responsum
1213 3393 1257 3470 ad
1271 3395 1305 3469 id
1319 3395 1374 3495 ip-

296 3557 379 3609 sum
395 3535 478 3610 dare
499 3534 585 3609 mibi
603 3534 696 3611 licet.
719 3533 872 3624 Etenim,
900 3535 1006 3625 dum,
1031 3557 1172 3610 mecum
1196 3545 1375 3634 reputans,

296 3671 533 3748 animadverto
553 3697 610 3752 me
634 3694 795 3762 sensum,
813 3695 885 3774 quo
905 3672 1056 3765 atteror,
1074 3673 1165 3748 clere
1180 3672 1378 3773 percipere,

297 3811 420 3886 itidem
433 3812 533 3887 uiden
546 3812 582 3886 iu
602 3830 694 3907 ruse,
715 3831 791 3912 qum
804 3813 900 3889 nulio
914 3814 1020 3889 mede
1034 3813 1149 3905 sentit,
1162 3813 1250 3887 nibil
1269 3807 1381 3890 simiie

298 3948 434 4044 inesse,
452 3951 615 4049 quodque
630 3953 816 4052 proprium
831 3947 986 4030 estrusm
1009 3952 1046 4028 iu
1067 3976 1126 4029 me
1143 3971 1291 4030 sensum
1303 3974 1379 4026 mo·
1461 4031 1463 4036 .

341 4239 349 4278 ¹
373 4235 467 4305 irent.
483 4238 517 4304 de
531 4237 621 4306 intelle
633 4235 776 4318 humanu,
788 4238 811 4303 i.
822 4239 862 4320 ii,
878 4261 906 4305 e.
918 4256 986 4319 xm,
1002 4241 1083 4323 qut.
1129 4263 1135 4272 ·

342 4351 353 4385 ¹
374 4349 475 4424 Louk„
493 4349 586 4414 ruet.
606 4349 641 4412 de
653 4348 707 4412 int.
724 4348 818 4426 bum,
835 4347 856 4411 Ι.
870 4348 909 4425 il,
921 4366 951 4412 e.
962 4363 1026 4427 mn,
1039 4347 1060 4432 8
1074 4344 1104 4414 i.
