3467 5492
856 531 1038 608 ..92-

333 679 337 686 ’
407 700 522 774 dicare
542 698 576 770 in
593 718 662 793 quo
679 696 797 771 album
813 706 846 769 et
864 706 1031 779 acutum,
1052 692 1190 790 nigrum
1206 703 1240 767 et
1265 712 1368 788 grave
1396 687 1487 763 inter

406 859 448 924 se
465 833 672 911 conveniant
693 843 753 908 aut
767 831 939 948 differant.

465 971 962 1049 «Soa-Nonneanimusrei
975 970 1139 1046 duritiem
1155 969 1381 1044 mollitiemve
1394 974 1486 1041 tactu
1619 948 1620 963 ¹

408 1115 556 1191 sentietl

434 1353 436 1360 Α
460 1285 476 1323 »
490 1255 623 1330 Tanton.
641 1259 794 1330 -Sane
812 1253 963 1352 quidem.

402 1497 406 1504 ἱ
460 1423 477 1468 n
497 1395 579 1472 Soc.
592 1439 641 1453 -
654 1395 720 1470 Sed
734 1396 800 1471 hoe
813 1396 918 1470 molle
936 1406 968 1470 et
986 1394 1053 1469 hoe
1074 1395 1202 1469 dunum
1220 1361 1302 1490 qnid
1322 1403 1358 1466 et
1373 1388 1490 1489 qualia

410 1535 491 1628 sint,
508 1535 544 1609 in
567 1559 636 1634 quo
651 1545 685 1611 et
697 1535 788 1634 quali
806 1535 910 1610 modo
927 1535 1107 1627 differant,
1132 1535 1207 1633 ipse
1225 1556 1347 1608 senum
1366 1542 1493 1606 retrae-

411 1685 488 1786 tans
510 1688 544 1752 et
562 1677 711 1758 inuicem
727 1691 915 1775 utrumque
929 1677 1124 1767 conserens,
1139 1675 1278 1750 animus
1294 1696 1356 1773 per
1373 1696 1409 1748 se
1425 1673 1494 1747 dis·
1622 1734 1624 1747 ,

412 1836 555 1889 cernere
574 1814 709 1891 nititur.

464 1950 633 2026 ol'nnnn.
649 1995 699 2010 -
712 1952 761 2028 Ita
779 1964 844 2028 est.

464 2089 575 2165 »Son
594 2090 710 2166 -'-Sio
723 2091 762 2166 tit
774 2090 899 2188 igitur,
920 2101 958 2166 ut
983 2091 1096 2167 statim
1119 2090 1208 2166 natis
1233 2087 1438 2164 hominihus
1461 2099 1500 2163 et
1623 2096 1624 2113 ¹

416 2228 534 2306 bestiis
551 2211 893 2328 naturalisquaedam
910 2230 1050 2306 facultas
1065 2229 1246 2316 inhaereat,
1263 2252 1330 2326 qua
1346 2227 1501 2304 sentiant

417 2367 557 2470 allectus
571 2391 633 2466 per
644 2391 768 2467 eorpus
779 2367 903 2444 animae
916 2370 1035 2444 allatos
1044 2396 1054 2461 ;
1066 2369 1150 2446 dum
1165 2380 1282 2444 eontra
1305 2368 1407 2465 longo
1423 2380 1503 2464 post

417 2506 604 2602 intervallo,
622 2531 686 2582 neo
701 2530 771 2583 non
785 2507 861 2583 sine
874 2530 978 2606 opera
992 2507 1300 2607 multoquelabore
1316 2517 1350 2581 et
1364 2506 1500 2590 studio,

418 2643 575 2730 nonnulli
595 2656 755 2743 reputant
770 2656 803 2720 et
820 2645 1097 2721 animadvertunt
1114 2644 1197 2743 quid
1218 2644 1288 2720 sint
1301 2643 1338 2719 hi
1352 2643 1503 2719 allectus

419 2796 451 2859 et
466 2784 550 2882 quid
566 2784 720 2861 utilitatis
734 2787 954 2864 habeant.....
978 2785 1120 2862 seientia
1149 2785 1254 2883 igitur
1277 2793 1506 2878 noneonstat
1625 2798 1626 2877 ζ

420 2923 651 3026 assensibus,
670 2925 788 3000 sodex
809 2924 1077 3023 cogitationibus
1099 2948 1174 3023 quae
1200 2924 1244 2999 ad
1272 2947 1397 3026 sensus
1417 2946 1503 3021 per.-

421 3045 533 3142 tinenl
547 3063 596 3136 ¹.»
718 3127 721 3134 .

472 3200 556 3287 Quae
571 3225 680 3300 quum
701 3201 847 3300 legimus
868 3226 908 3278 ea
921 3203 1000 3280 lune
1012 3202 1166 3278 veritatis
1184 3225 1355 3302 expressa,
1373 3223 1415 3277 eo
1431 3225 1507 3277 ma-

426 3337 477 3438 gis
498 3338 664 3418 miramur
681 3340 900 3424 Aristotelem
921 3353 1000 3417 nota
1020 3341 1105 3418 tanti
1123 3342 1222 3418 ducis
1239 3341 1379 3440 vestigia
1397 3345 1503 3454 ¹sequi

426 3451 622 3575 negantem,
642 3478 726 3555 adeo
743 3504 761 3555 a
779 3491 872 3556 reeta
890 3479 943 3556 via
963 3480 1160 3574 deflexisse,
1185 3492 1224 3556 ut
1245 3480 1402 3569 docuerit
1419 3503 1504 3555 sen-

427 3636 518 3700 sum,
533 3624 608 3700 tum
625 3638 797 3714 quemque
814 3616 1007 3716 proprium,
1026 3629 1101 3695 turn
1119 3641 1359 3706 communem,
1384 3618 1509 3715 cogni-

428 3752 530 3851 tione,
546 3754 784 3854 intelligentia,
800 3755 813 3854 j
819 3756 933 3833 udicio
947 3779 1021 3835 esse
1035 3757 1237 3856 praeditum.

470 4025 481 4064 ¹
501 4021 589 4086 Plato.
604 4023 715 4102 Theon,
733 4022 849 4108 passim.

811 4291 1124 4312 ..m
