3467 5492
840 591 1016 655 ..10-

393 748 595 847 giendarum
613 747 663 823 vel
680 746 724 824 ad
740 770 823 824 usus
843 747 1057 824 necessarios
1072 748 1335 846 quaerendarum
1353 747 1463 823 inter·
1580 825 1583 829 ,
1601 845 1605 854 Ι
1624 819 1626 825 ,

393 899 504 984 pretes
518 911 558 965 ac
574 886 725 964 nuntios.
748 891 876 965 Omnes
892 887 1025 963 scilicet
1041 887 1129 963 ictus
1139 911 1327 987 omnesque
1342 887 1468 964 nimios

395 1038 428 1103 et
447 1027 585 1127 frigoris
604 1038 637 1104 et
650 1026 774 1104 caloris
787 1027 955 1126 appulsus
965 1027 1068 1103 sentit
1076 1037 1201 1119 tactus;
1216 1037 1371 1126 gustatus
1386 1051 1469 1104 vero

396 1167 543 1266 percipit
561 1189 696 1260 eorum,
720 1166 846 1265 quibus
863 1165 1048 1258 vescimur,
1077 1190 1222 1264 genera3
1241 1167 1391 1267 itemque
1408 1165 1480 1245 na?

395 1303 485 1378 rium
506 1315 557 1380 est
589 1304 656 1380 cibi
691 1316 724 1380 et
752 1304 904 1403 potionis
928 1327 997 1379 non
1026 1312 1171 1402 parvum
1195 1303 1377 1403 judicium.
1396 1303 1470 1378 lmo

376 1467 495 1520 aures
523 1455 558 1519 et
578 1443 714 1535 oculos,
741 1454 905 1543 tanquam
927 1442 1160 1542 speculatores
1185 1442 1412 1536 adhibemus,
1434 1455 1472 1550 ut

398 1581 564 1681 quidquid
582 1586 778 1658 nociturum
791 1594 848 1657 aut
861 1584 1082 1682 profuturum
1095 1582 1197 1680 longe
1211 1581 1347 1680 lateque
1360 1558 1472 1679 ‘appa-

396 1734 468 1798 reat
482 1721 549 1797 cito
566 1721 831 1820 dignoscamus,
853 1721 974 1820 sicque
995 1732 1110 1797 tutum
1127 1720 1217 1796 inter
1236 1721 1405 1797 obstantia
1418 1732 1471 1796 tc·

396 1884 540 1961 neamus
559 1863 636 1952 iter.

444 2001 520 2076 lam
531 2023 610 2076 vero
624 2022 694 2075 non
710 2000 878 2080 omnesin
894 2021 1038 2098 corpore
1054 2001 1180 2088 tuendo
1198 1997 1365 2077 dehemus
1382 2024 1470 2097 csse,

398 2141 525 2240 quippe
546 2143 617 2238 qui,
642 2140 684 2216 ad
703 2140 837 2239 majora
869 2140 962 2232 nati,
983 2141 1112 2237 ingenii
1133 2141 1329 2240 mentisque
1347 2141 1415 2216 vim
1431 2142 1473 2217 ad

396 2280 467 2355 veri
487 2280 757 2379 indagationem,
772 2293 805 2358 et
814 2292 946 2357 rectam
966 2293 1126 2357 naturam
1137 2282 1179 2357 ad
1193 2281 1361 2377 justitiam
1374 2293 1408 2356 et
1417 2305 1474 2358 or·

397 2420 557 2522 dinem'in
575 2414 727 2498 consiliis
744 2422 910 2520 lactisque
928 2422 1204 2498 conservandum
1222 2422 1472 2521 acceperimus.

395 2561 545 2659 Ideoque
581 2584 703 2638 omnes
737 2562 856 2638 nescio
892 2584 961 2660 quo
996 2561 1067 2644 ueri
1099 2561 1306 2661 pulchrique
1336 2562 1473 2638 ridendi
1509 2639 1513 2646 ,

398 2699 512 2776 studio
533 2699 642 2798 capti,
663 2699 833 2776 trahimur
851 2700 896 2775 ad
927 2698 1099 2782 infinitam
1133 2700 1338 2799 cognitionis
1359 2700 1473 2776 scien·

397 2841 525 2938 tiaeque
540 2838 777 2938 cupiditatem.
801 2837 874 2914 Nec
891 2836 1089 2913 minorihus
1101 2837 1272 2915 illecebris
1284 2840 1328 2915 ad
1355 2863 1393 2915 sc
1413 2862 1476 2917 nos

401 2976 506 3052 allicit
526 2987 561 3051 et
584 2975 709 3052 retinet
728 2975 898 3074 quidquid
920 2975 1037 3051 decori
1060 2975 1239 3052 honestirc
1261 2976 1384 3060 laciern
1406 3001 1476 3076 prae

399 3135 437 3189 se
451 3115 531 3189 lert:
551 3137 628 3212 quae
642 3113 780 3212 quidem
797 3113 915 3206 facies,
928 3125 968 3189 ut
988 3109 1102 3188 'lollio
1114 3125 1194 3212 post
1203 3114 1385 3192 Platonem
1403 3117 1477 3214 pla-

396 3262 510 3344 echa
525 3251 553 3327 si
574 3251 689 3327 oculis
712 3263 923 3344 cerneretur,
945 3245 1120 3327 mirabiles
1143 3273 1282 3329 amores
1311 3253 1476 3346 excitaret

400 3392 514 3466 calfit
1165 3494 1168 3498 Ι
1280 3389 1284 3394 ’

449 3529 515 3605 Sed
536 3513 907 3628 quoniamnon-nohis
923 3529 1038 3606 solum
1057 3527 1132 3614 nati
1148 3549 1282 3621 sumus,
1311 3539 1477 3626 ortusque

402 3668 508 3744 nostri
525 3678 667 3766 partem.
682 3666 787 3742 ceteri
804 3666 1005 3759 uindicant,
1024 3667 1147 3757 eadem
1168 3666 1201 3741 vi
1222 3691 1389 3749 sensuum
1408 3667 1478 3741 ho-

402 3805 644 3894 minesuatura
663 3804 822 3881 conciliat
838 3803 1039 3881 hominihus
1058 3804 1193 3882 adulta
1207 3805 1422 3894 societatem,
1438 3814 1480 3880 ut

403 3944 467 4043 ipsi
503 3944 600 4037 iuter·
619 3967 656 4021 se
674 3944 752 4020 aliia
777 3943 832 4034 alii
865 3944 1032 4042 prodesse
1053 3947 1209 4043 poseium
1225 3926 1479 4042 ingeneratque

402 4082 579 4181 imprimis
588 4082 801 4182 praecipuum
818 4083 1177 4181 quemdamaamorcm
1188 4082 1227 4160 in
1240 4105 1298 4159 aaa
1312 4081 1372 4181 qui
1391 4103 1477 4180 pro-

396 4407 400 4416 ,
447 4344 457 4378 ¹
479 4334 553 4416 Cice
568 4335 612 4398 lle
624 4334 688 4418 off„
705 4337 735 4411 t,
754 4336 783 4396 h.
