3467 5492
827 553 1004 618 ..59-

380 719 501 794 teriam
519 729 656 810 exuant,
677 727 711 794 et
730 719 873 794 demum
891 719 928 793 in
952 744 1057 819 puras
1075 733 1109 798 et
1134 723 1309 823 simplices
1325 725 1458 824 species

383 857 517 933 obeant.
533 857 619 944 Quae
636 859 776 958 quidem
791 860 927 936 somnia
944 861 1027 936 dum
1045 861 1080 936 in
1094 862 1313 940 Aristotelem
1328 867 1458 939 confert

383 995 540 1072 arabicus
558 996 749 1096 interpres,
778 1019 848 1073 non
871 999 989 1075 minus
1018 1000 1061 1075 ab
1082 1001 1159 1099 ejus
1174 1002 1321 1101 genuina
1343 1014 1458 1080 mente

382 1133 577 1211 desciscere
595 1135 740 1228 videtur,
763 1159 869 1234 quam
891 1160 1000 1234 quum
1026 1139 1128 1215 variis
1154 1139 1279 1216 animae
1303 1143 1458 1240 partibus

380 1275 486 1352 varias
505 1277 656 1375 assignat
673 1280 710 1352 in
740 1302 886 1379 corpore
906 1281 1027 1373 sedes,
1052 1294 1112 1357 aut
1126 1307 1235 1381 quum
1253 1307 1373 1359 rursus
1389 1294 1460 1358 sta-

379 1417 444 1491 tuit
465 1441 575 1492 unum
599 1418 758 1494 omnium
781 1419 967 1495 hominum
995 1420 1210 1498 intellectum
1235 1446 1458 1500 communem

379 1578 466 1631 esse.
486 1556 559 1632 Nec
573 1555 620 1633 ita
641 1568 771 1647 tamen,
795 1559 919 1652 credo,
944 1559 1104 1636 traditam
1122 1584 1141 1636 a
1162 1561 1322 1660 principe
1343 1561 1458 1660 philo-

379 1698 571 1797 sophorum
593 1697 787 1773 doctrinam
819 1700 1052 1799 corrupisset,
1073 1702 1102 1776 si
1133 1725 1246 1800 graeca
1272 1701 1459 1777 Aristotelis

378 1837 505 1936 scripta
517 1837 555 1911 in
569 1838 731 1914 manibus
745 1838 940 1932 habuisset,
959 1863 1073 1939 neque
1093 1840 1242 1916 nimium
1261 1840 1460 1917 credidisset

381 1976 622 2075 imperitorum
640 1976 870 2075 interpretum
891 1977 985 2055 fidei.

429 2116 593 2191 Averrods
613 2125 742 2208 autem,
771 2139 877 2213 quem
891 2115 982 2191 inter
1002 2115 1211 2208 christianos
1226 2116 1459 2215 potissimum,

383 2254 612 2353 philosophiae
640 2253 793 2345 nomine,
820 2254 888 2352 ipsi
910 2253 1103 2352 Aristoteli,
1126 2255 1154 2331 si
1175 2278 1244 2330 non
1269 2254 1460 2354 praelatum,

384 2404 475 2469 certe
490 2404 663 2490 aequatum
681 2393 787 2468 luisse
819 2392 923 2468 refert
941 2392 1167 2481 Bruckerius,
1193 2416 1233 2469 ea
1260 2393 1461 2469 auctoritate

358 2532 488 2607 'valuit
520 2529 612 2630 apud
639 2529 763 2604 mediae
793 2529 901 2606 aetatis
918 2529 1089 2622 doctores,
1120 2529 1340 2628 maximeque
1370 2529 1461 2628 apud

382 2670 563 2745 Albertum
583 2691 750 2768 magnum
769 2678 803 2744 et
819 2667 941 2741 Divum
969 2666 1154 2759 Thomam,
1167 2667 1416 2744 eruditissimos
1429 2679 1463 2742 et

381 2806 602 2905 gravissimos
614 2805 716 2898 viros,
737 2817 777 2881 ut
797 2805 942 2881 minime
956 2804 1157 2882 mirandum
1172 2805 1337 2898 videatur,
1354 2805 1382 2880 si
1408 2829 1458 2899 ea,

384 2971 489 3045 quam
502 2945 677 3021 Aristoteli
691 2946 783 3020 circa
797 2967 967 3020 sensuum
982 2946 1117 3044 specics
1135 2946 1219 3023 falso
1233 2944 1459 3036 adscribebat,

385 3085 514 3185 opinio,
549 3085 618 3160 fere
646 3085 689 3160 ab
716 3083 880 3160 omnibus
914 3085 1039 3159 eodem
1068 3094 1226 3183 tempore
1248 3083 1461 3184 philosophis

385 3238 547 3324 mnquam
565 3246 642 3300 vera
660 3233 693 3298 et
709 3222 928 3298 Aristotelica
948 3231 1091 3322 accepta
1110 3223 1186 3299 luit.

433 3363 521 3450 Quid
540 3385 619 3437 vero
644 3360 755 3458 magis
774 3359 919 3451 mirum,
938 3383 1042 3457 quam
1061 3360 1253 3436 Cartesium
1267 3362 1463 3457 multosque

382 3504 500 3578 aliosa
522 3500 673 3576 Cartesio
693 3498 877 3598 profectos,
899 3498 983 3573 dum
1004 3498 1262 3598 philosophiam
1277 3499 1371 3576 salsis
1388 3497 1464 3597 opi-

384 3638 546 3715 nionibus
575 3649 608 3714 et
632 3638 774 3736 argutiis
811 3661 873 3738 per
902 3648 954 3713 tot
970 3661 1081 3713 annos
1104 3637 1232 3713 misere
1263 3649 1460 3737 corruptam

387 3775 572 3853 emendare
592 3784 738 3867 tentant,
770 3777 894 3850 acriter
912 3775 1026 3849 invehi
1044 3775 1080 3848 in
1102 3775 1336 3868 Aristotelem,
1359 3797 1461 3873 quem

388 3915 582 4015 specierum
590 3912 806 3990 sensibilium
820 3913 974 4013 primum
986 3883 1306 4013 auctoremputant,
1322 3914 1464 4012 illasque

389 4057 521 4152 species
535 4052 789 4129 commentitias
804 4052 1011 4150 redarguere
1020 4075 1160 4151 unaque
1174 4076 1258 4128 voce
1271 4053 1461 4153 explodere,

388 4194 553 4270 nimirum
571 4204 609 4270 ut
625 4192 691 4292 ipsi
708 4191 801 4268 circa
822 4215 943 4302 sensus
962 4191 1159 4268 doctrinam
1188 4205 1369 4291 reponant,
1389 4214 1465 4290 quae

390 4358 471 4412 cum
489 4332 682 4412 Aristotelis
701 4333 859 4410 doctrina
889 4333 925 4407 in
953 4331 1077 4410 melius
1105 4343 1257 4432 accepta,
1284 4356 1408 4432 magna
1426 4353 1467 4406 ex
