3467 5492
749 658 751 662 ¹
830 576 1007 642 ..ra-

383 753 505 820 vocant
530 753 713 844 ἡγεμονικήν,
742 740 870 816 habere
897 739 1000 817 veluti
1027 742 1266 818 membranam
1285 743 1469 852 scripturae·
1525 766 1529 771 ’

383 895 537 984 paratam
558 894 661 981 atque
681 889 932 979 opportunam,
953 879 1072 979 inqua
1092 880 1237 979 singulae
1259 881 1389 957 notitiae
1406 881 1462 959 in-

384 1022 590 1099 scribantur.
608 1019 722 1106 Quum
735 1027 851 1092 antem
863 1016 999 1115 primus
1011 1017 1241 1094 adnotationis
1255 1021 1382 1094 modus
1393 1020 1465 1096 solo

385 1183 551 1238 sensnum
573 1180 677 1259 opere
706 1158 788 1250 fiat',
815 1179 957 1232 sensum
977 1158 1094 1257 ipsum
1122 1157 1243 1233 dicunt
1266 1181 1341 1234 esse
1363 1158 1466 1234 affec·

384 1301 513 1377 tionem
538 1298 575 1372 in
600 1296 716 1373 animo
734 1295 880 1386 factam,
899 1306 989 1372 sect
1013 1296 1048 1370 id
1072 1320 1091 1372 a
1119 1319 1187 1394 qno
1215 1296 1328 1372 oritur
1345 1306 1466 1372 osten·

387 1441 547 1529 dentem,
567 1441 695 1524 τύπωσιν
709 1446 737 1512 ἐν
763 1446 846 1535 ψυχῇ
861 1466 869 1509 :
886 1435 951 1528 sic,
968 1434 1029 1510 ubi
1045 1435 1120 1510 visu
1135 1435 1324 1536 aspicimus
1340 1436 1468 1525 album,

388 1577 479 1653 cifici
497 1577 533 1651 in
553 1574 671 1652 animo
690 1572 987 1666 commotionem,
1008 1572 1066 1649 cui
1086 1573 1225 1666 album,
1241 1574 1336 1671 qnod
1358 1573 1469 1672 ipsam

387 1716 554 1808 excitavit,
566 1716 777 1815 respondere
789 1715 1100 1820 existimamus.Ex
1109 1737 1176 1813 quo
1189 1713 1334 1811 intelligi
1345 1723 1469 1814 potest,

387 1857 522 1932 Stoicos
538 1866 572 1931 et
585 1855 776 1930 Democriti
795 1855 984 1954 discipulos
1000 1878 1040 1930 eo
1055 1855 1253 1948 convenire,
1270 1855 1364 1953 quod
1380 1853 1469 1930 utri-

389 2015 457 2091 que
472 1992 710 2091 profiteantur‚
730 2014 908 2089 emergere
925 2014 944 2066 e
961 1991 1064 2067 rebus
1079 1991 1276 2084 simulacra,
1302 2015 1392 2088 qnae,
1408 2013 1471 2089 per

389 2157 491 2209 auras
521 2135 680 2227 admota,
711 2130 865 2207 animam
884 2131 1019 2207 adeant.
1039 2131 1111 2206 Nec
1127 2141 1243 2207 tamen
1269 2131 1345 2207 ideo
1372 2130 1471 2229 plane

393 2280 592 2370 congruunt
612 2271 702 2346 inter
719 2294 773 2358 se;
796 2293 947 2369 namque
965 2294 1041 2347 eam
1060 2270 1279 2345 Democritus
1303 2271 1374 2347 vult
1397 2290 1471 2344 esse

391 2412 662 2487 simulacrorum
690 2421 870 2503 naturam,
900 2423 938 2513 ut
968 2433 1009 2486 ex
1034 2411 1150 2488 solidis
1179 2410 1358 2487 elementis
1396 2421 1472 2511 apta

393 2549 522 2624 nudam
538 2549 716 2648 praebeant
726 2572 843 2624 rerum
859 2560 1077 2626 externarum
1097 2551 1266 2649 figuram,
1280 2573 1346 2626 nec
1361 2550 1468 2625 mini-

392 2712 486 2766 mam
504 2689 541 2764 in
562 2711 601 2764 se
629 2689 780 2764 babeant
804 2689 1065 2766 similitudinem
1087 2689 1309 2766 affectionum
1336 2689 1472 2789 quasin

393 2828 518 2906 animis
550 2827 643 2903 cient
669 2825 984 2903 instrumentorum
1011 2828 1166 2926 impulsu
1194 2850 1346 2927 quasque
1372 2850 1474 2927 expe-

393 2973 515 3058 rimur,
540 2965 673 3066 quoties
706 2967 854 3041 odorem
887 2967 1096 3065 quemlibet,
1119 2977 1178 3042 aut
1207 2989 1388 3065 saporem,
1416 2979 1476 3043 aut

394 3107 556 3198 sonitum,
570 3116 630 3181 aut
643 3105 810 3196 colorem,
827 3117 889 3181 aut
902 3106 1070 3204 frigidum
1084 3106 1274 3182 calidumve
1288 3107 1471 3184 sentimus.

394 3246 438 3322 Aa
455 3254 575 3320 contra
590 3243 695 3321 Stoici
708 3244 831 3319 eadem
847 3243 1034 3320 simulacra
1054 3244 1226 3320 affirmant
1238 3245 1399 3322 exhibere
1414 3269 1476 3344 per

395 3409 566 3462 severam
589 3385 847 3483 perfectamque
874 3407 984 3482 quum
1005 3407 1123 3459 rerum
1144 3395 1377 3479 externarum,
1400 3396 1474 3461 tum

396 3527 502 3602 animi
517 3526 740 3602 affectionum
761 3526 933 3625 effigiem,
952 3550 1069 3625 neque
1085 3529 1157 3603 ullo
1176 3529 1280 3603 modo
1304 3528 1442 3604 differre
1458 3551 1476 3602 a

397 3665 555 3742 sensibus
572 3688 658 3763 quos
672 3664 707 3739 in
724 3665 826 3741 nobis
846 3665 1047 3741 informant.
1064 3665 1243 3743 Celebrcm
1260 3666 1365 3764 igitur
1377 3676 1475 3742 tuen·

397 3813 453 3879 tur
474 3803 611 3903 abipso
629 3805 769 3882 Zenone
782 3806 945 3882 traditam
962 3829 1087 3883 sensus
1103 3806 1355 3899 definitionem,
1375 3829 1477 3905 quem

398 3943 427 4017 is
452 3943 586 4018 dicebat
607 3966 682 4024 esse
702 3944 873 4021 visionem
893 3969 979 4044 quae.
992 3946 1161 4046 impressa
1182 3946 1226 4022 sit
1248 3956 1350 4044 atque
1368 3944 1478 4020 efficta

399 4103 439 4154 ex
450 4101 491 4154 ao
504 4081 596 4176 quod
613 4090 676 4170 est,
693 4081 796 4157 veluti
814 4092 879 4180 est,
895 4083 1074 4183 qualisque
1087 4106 1265 4182 nunquam
1278 4083 1354 4158 fieri
1370 4082 1481 4183 possit

399 4217 500 4293 abeo
522 4219 614 4316 qnod
631 4243 701 4295 non
726 4233 778 4299 est
795 4223 890 4298 :imo
914 4224 1009 4301 huno
1028 4246 1173 4300 sensum
1190 4222 1375 4298 nominant
1399 4255 1481 4321 φαν-

399 4370 500 4444 τασίαν
518 4369 746 4450 καταληπτικήν,
763 4361 797 4437 id
815 4373 869 4439 est
883 4362 1071 4463 imaginem
1086 4362 1411 4462 comprehensivam
1426 4363 1479 4443 rel
