3467 5492
746 621 792 638 ...
813 589 852 653 Η
878 623 923 636 ..

297 743 401 818 erenei
432 753 537 830 sunl;
566 742 782 842 impellitque
817 753 852 820 ul
880 741 1041 820 studeant
1069 743 1188 838 perure
1218 762 1271 830 en,
1296 765 1374 840 qne

297 881 520 981 suppedilenl
531 893 567 956 el
579 881 621 957 ad
633 883 776 960 nullum
787 881 877 956 elad
890 879 1039 971 viulnm;
1057 901 1121 982 nec
1141 878 1289 978 quisque
1307 880 1375 956 sibi

297 1019 359 1096 suli
379 999 537 1101 nnnnrlul
557 1029 591 1093 el
611 1017 781 1116 invigilet,
800 1021 858 1098 seu
876 1017 1033 1116 conjugi,
1049 1017 1376 1116 liberiseelerisqne

295 1181 382 1255 quus
403 1179 502 1236 eurus
520 1155 645 1236 hebenl
660 1155 820 1254 tuerique
832 1134 957 1233 dehent
970 1158 996 1230 ⁴.

343 1297 416 1372 Hos
438 1306 559 1371 omnes
578 1295 682 1394 igitur
712 1319 839 1396 sensus
857 1305 999 1394 apparel
1017 1295 1118 1374 nobis
1136 1313 1213 1373 esse
1240 1315 1378 1404 summe

296 1436 526 1527 necessariae,
543 1458 655 1533 neque
676 1457 776 1533 posse
805 1445 864 1510 eut
883 1435 962 1527 hos,
985 1444 1045 1511 aul
1064 1435 1141 1512 illns
1162 1439 1265 1515 evita
1284 1437 1374 1530 lolli,

295 1574 380 1672 quin
401 1574 553 1650 heminis
570 1584 692 1650 nutura
710 1573 810 1672 quusi
826 1597 949 1663 manee
975 1584 1008 1650 el
1028 1573 1187 1650 inchoate
1205 1573 1373 1652 videnlur.
1505 1618 1507 1624 ,

247 1803 249 1806 ¹
296 1716 344 1788 Ex
357 1714 412 1789 his
431 1725 547 1790 eutem
562 1714 586 1788 ii
601 1714 660 1812 qui
681 1713 724 1790 ud
738 1737 777 1790 ee
798 1723 954 1811 speelenl
968 1736 1045 1812 quae
1061 1724 1154 1790 entra
1173 1725 1275 1806 sunl,
1293 1739 1378 1815 prn-

298 1855 381 1954 priis
389 1854 572 1931 virlulibus
582 1856 912 1954 eminenllnngeque
920 1867 1056 1932 celeres
1067 1857 1292 1933 antecellunt.
1301 1857 1378 1932 Non

296 1992 409 2068 solum
424 1993 517 2068 enirn
539 1995 588 2069 ed'
602 1994 777 2093 augendas
795 1994 952 2093 eorporis
975 2007 1008 2070 el
1022 1993 1131 2070 enimi
1150 1994 1240 2070 vires
1253 1997 1377 2080 velent,

297 2141 335 2206 nl
353 2116 483 2227 celeri,
512 2132 576 2208 sed'
592 2132 736 2232 insuper
757 2114 864 2209 menti
881 2131 1035 2231 emplum
1055 2133 1377 2230 cognoscendarum

297 2296 413 2348 rernm
431 2273 609 2348 materiam
624 2273 785 2349 efferunt.
797 2273 937 2348 Etenim
950 2272 1061 2371 quivis
1079 2273 1167 2348 elius
1180 2297 1301 2350 sensus
1313 2296 1377 2350 nns

296 2412 477 2511 vuluplulis
499 2412 730 2488 innilumenlis
755 2413 874 2488 invitet
895 2411 1001 2495 adid
1024 2412 1117 2510 quod
1145 2413 1291 2489 delenlel
1317 2424 1377 2490 nul

296 2551 424 2626 doloris
445 2575 564 2628 rnorsn
578 2551 698 2627 everlil
714 2551 757 2626 ab
775 2574 815 2628 ee
836 2551 928 2648 quod
949 2550 1128 2649 displicet,
1147 2573 1212 2626 nee
1228 2549 1376 2626 minime

296 2693 396 2768 dunel
410 2693 565 2768 animum
583 2716 686 2790 quem
704 2705 838 2769 merel:
863 2701 983 2768 eontra
1003 2715 1125 2767 sensus
1154 2691 1286 2768 externi
1302 2694 1377 2790 ple·

297 2855 443 2931 rumque
460 2843 606 2930 tangunt
621 2833 750 2924 leviter,
768 2855 832 2908 neu
847 2831 998 2921 turbent,
1022 2833 1080 2908 sed
1094 2834 1283 2932 praeferunt
1298 2834 1373 2908 ele-

297 2995 372 3048 rum
382 2965 496 3048 lueern
511 2997 615 3069 quern
627 2973 722 3071 sequi
736 2972 857 3083 linelel
870 2971 1018 3071 expedit.
1031 2972 1089 3048 Sin
1104 2972 1273 3071 quidquid
1283 2984 1378 3049 luelu

298 3113 508 3212 percipimus
520 3124 615 3188 melu
629 3114 679 3188 vel
694 3113 803 3211 figure
819 3080 1036 3206 distinctum,
1046 3114 1243 3190 durumenl
1255 3114 1375 3207 molle,

298 3251 449 3326 solidum
465 3263 523 3326 aul
535 3251 739 3345 humidum,
757 3251 925 3352 quidquid
947 3254 1104 3329 celorum
1126 3254 1255 3349 oeulis,
1277 3255 1378 3352 qnid-

299 3391 382 3487 qnid
396 3407 562 3465 sonorum
582 3389 723 3466 auribus
741 3389 929 3487 exigimus,
948 3391 985 3465 hi
1006 3391 1172 3468 nimirum
1189 3404 1260 3468 lem
1277 3392 1379 3468 mulli

297 3539 436 3628 lemque
455 3529 578 3606 diversi
606 3553 729 3606 sensus
747 3530 950 3607 innumerus
977 3531 1085 3607 nubis'
1109 3533 1266 3633 preebenl
1294 3532 1378 3607 ime·

298 3666 407 3764 gipes,
421 3669 640 3768 qnnseuique
650 3679 850 3768 promptum
870 3680 921 3744 esl
942 3670 1225 3763 animadvertere,
1250 3671 1379 3747 discer-

299 3829 381 3880 nere
408 3807 553 3884 intense
584 3819 785 3908 notulasque
816 3810 984 3886 memoria
1008 3823 1137 3886 tenere.
1167 3810 1260 3898 Quin
1291 3811 1377 3906 ime,

300 3945 465 4040 quonium
483 3971 522 4022 ee
541 3971 616 4046 quee
639 3950 798 4027 sensibus
814 3951 1057 4050 snbjiciuntur,
1076 3951 1139 4027 elsi
1154 3952 1219 4028 ulie
1244 3952 1287 4028 eb
1303 3952 1379 4030 eliis

299 4082 484 4180 differunt,
515 4089 719 4166 nonnullam
750 4101 865 4168 lernen
899 4090 1161 4168 similitudlnem
1187 4090 1316 4167 hubent
1344 4103 1379 4168 et

343 4368 353 4405 ¹
376 4362 451 4441 Ciu,
466 4361 587 4446 Deeffi,
607 4367 637 4443 l,
653 4368 684 4429 l.
