3467 5492
633 563 636 571 ⁵
737 615 918 678 ..or-2

285 781 342 856 cui
361 781 454 856 enim
475 805 514 857 ex
535 781 757 879 multangulis
776 780 965 856 rotunditas
983 781 1152 856 contraria
1169 782 1245 856 est‘i
1260 781 1357 856 Prae·

279 927 402 1008 ,tereus
423 942 530 1016 quum
566 921 684 1017 figurae
713 919 782 994 sint
810 919 1033 1012 innumerae·
1050 941 1189 1018 sapores
1221 941 1358 1017 quoque

283 1058 487 1134 innumeros
517 1081 594 1134 esse
627 1081 769 1134 neeesse
800 1069 876 1133 est:
901 1080 964 1133 our
998 1059 1092 1133 enim
1116 1059 1358 1135 eliussensum

283 1207 460 1292 moveret,
484 1199 572 1274 alius
586 1221 666 1274 vero
685 1221 755 1273 non
767 1201 793 1272 ⁴.
811 1225 828 1271 3

326 1335 450 1432 Liquet
469 1335 574 1433 igitur
600 1333 778 1411 Aristoteli
807 1335 1027 1434 displicuisse
1054 1323 1357 1434 opinionemque

278 1473 501 1548 Democritus
532 1484 662 1572 etpost
689 1473 924 1550 Democritum
945 1475 1100 1574 plerique
1125 1473 1357 1549 recentiorum

277 1611 320 1684 ab
342 1633 410 1684 una
426 1610 617 1708 eademque
635 1625 760 1699 o'ausu,
785 1611 918 1686 scilicet
938 1612 1128 1708 figurarum
1144 1611 1356 1703 diversitate,

279 1770 399 1823 sensus
417 1770 539 1822 omnes
563 1759 747 1845 repetunt,
765 1771 879 1846 neque
904 1748 947 1822 ud
977 1748 1125 1822 calidum
1151 1759 1209 1823 aut
1234 1749 1355 1846 frigus,

277 1888 320 1962 ad
338 1909 439 1963 sonos
453 1900 512 1963 aut
530 1890 678 1972 colores,
696 1897 755 1962 aut
770 1909 932 1986 sapores,
952 1897 1011 1961 aut
1031 1886 1155 1963 odores
1169 1886 1358 1984 gignendos

278 2026 365 2100 ullas
381 2048 486 2100 novas
502 2037 536 2100 et
547 2025 803 2124 propriasrires
822 2024 859 2097 in
873 2024 978 2100 rebus
995 2023 1141 2099 externis
1156 2023 1356 2120 requirunt:

279 2165 396 2263 ipsum
416 2187 494 2240 vero
511 2165 652 2239 totidem
671 2162 862 2262 sumpsisse
882 2168 998 2238 rerum
1013 2186 1259 2262 corporeorum
1273 2187 1360 2260 qua-

279 2303 407 2394 litotes²
432 2316 516 2401 quot
537 2314 617 2378 sunt
640 2302 783 2377 diversae
810 2301 978 2377 sentiendi
999 2302 1161 2377 rationes.
1185 2301 1359 2376 Nimirum

279 2453 318 2516 ut
332 2442 427 2532 odor,
442 2453 501 2516 aut
516 2441 623 2531 color,
635 2452 694 2515 aut
707 2462 833 2532 sonus,
854 2450 913 2514 aut
926 2461 1028 2537 sapor
1045 2463 1065 2514 3
1084 2441 1191 2538 figura
1206 2440 1359 2539 disjunc-

280 2580 406 2656 tissimi
427 2592 506 2655 sunt
525 2579 560 2653 in
576 2578 771 2669 sentiendo,
787 2578 831 2652 ita
853 2578 981 2652 formas
1000 2577 1104 2652 etiam
1121 2602 1178 2653 eus
1195 2602 1213 2652 3
1233 2578 1359 2673 quihus

282 2721 428 2811 eoloris,
444 2733 502 2796 aut
522 2719 655 2811 odoris,
673 2728 731 2793 eut
752 2718 846 2805 soni,
871 2729 930 2792 aut
951 2717 1083 2815 saporis
1107 2741 1228 2795 sensus
1245 2719 1361 2794 oriun-

281 2872 350 2951 tur,
368 2882 507 2958 prorsus
525 2859 607 2934 elias
630 2882 704 2934 esse
728 2859 858 2933 ‘Noster
879 2869 973 2932 tenet
1001 2860 1044 2933 ab
1065 2858 1114 2934 eis
1144 2883 1220 2957 quae
1241 2861 1360 2957 figurae

283 2998 459 3073 notionem
486 2998 522 3071 in
554 2996 654 3071 nobis
685 2996 845 3071 excitant.
880 2996 1001 3093 Neque
1035 2997 1110 3071 ideo
1144 3007 1242 3094 putet
1272 2997 1361 3073 inter

283 3139 420 3214 easdem
440 3138 567 3212 formas
594 3137 698 3212 rebus
716 3135 866 3210 externis
887 3135 1167 3210 instrumentisve
1195 3159 1360 3212 sensuum

283 3277 494 3350 inhaerentes
514 3284 547 3350 et
566 3274 658 3372 ipsos
674 3273 815 3348 edoctus
833 3295 920 3370 quos
941 3273 974 3346 in
994 3273 1117 3348 animis
1145 3275 1235 3350 cient
1255 3277 1359 3351 ullam

284 3435 362 3487 esse
380 3409 666 3486 similitudinem:
691 3410 777 3483 nihil
796 3410 891 3484 euim
922 3410 1072 3485 admittit
1088 3413 1122 3484 in
1140 3411 1359 3508 corporibus,

284 3562 412 3649 praeter
432 3550 610 3625 materiam
631 3549 875 3640 indiscretum,
896 3548 962 3624 nisi
981 3549 1135 3625 occultas
1156 3550 1261 3646 vires,
1277 3573 1361 3647 quus

285 3689 463 3787 nonipsus
484 3689 674 3780 intuemur,
700 3688 758 3763 sed
776 3688 888 3762 solum
912 3688 1109 3763 inducimus
1134 3712 1174 3763 ex
1203 3689 1362 3765 sensibus

288 3851 376 3928 quos
401 3827 500 3902 nobis
522 3827 682 3902 afferunt.
700 3829 778 3903 Non
797 3827 863 3902 alio
881 3828 987 3924 igitur
1007 3829 1110 3902 modo
1130 3850 1187 3902 ees
1202 3828 1362 3925 nouimus

288 3991 373 4065 ques
387 3967 461 4043 sine
475 3990 577 4043 ceusu
597 3967 718 4042 dicunt
733 3967 927 4066 primarias,
948 3991 987 4042 ao
1012 3968 1232 4044 secundarius
1246 3991 1363 4043 rerum

287 4105 490 4202 qualitates,
511 4127 575 4180 nec
597 4105 721 4180 melius
736 4117 769 4180 et
781 4104 975 4181 distinctius
993 4105 1044 4182 rei
1060 4118 1231 4200 extensae,
1261 4119 1364 4183 motae

332 4393 339 4426 ¹
365 4395 423 4472 Περὶ
435 4393 550 4459 uicerim,
567 4403 594 4445 u.
610 4401 650 4446 lv.
