3467 5492
637 1399 642 1412 ’
692 1378 865 1476 orror
896 1311 1189 1476 sueonum

457 1635 493 1687 IN
519 1632 586 1696 Quo
613 1597 798 1699 remmom
824 1632 932 1686 RATIO
958 1629 1134 1686 liturnum
1160 1631 1184 1686 Α
1210 1626 1425 1685 nummorum

667 1780 966 1837 ruinosornonuu
992 1763 1217 1837 msrmurrs‘t

461 2412 496 2487 Si
516 2413 588 2511 jam
616 2413 717 2512 plane
739 2412 911 2510 cognitam
939 2413 1190 2510 enodatumque
1223 2413 1392 2504 habemus
1425 2437 1481 2488 ra-

400 2551 528 2626 tionem
559 2574 662 2649 quam
687 2551 737 2625 de
766 2551 927 2626 sensibus
958 2549 1111 2626 instituit
1141 2550 1363 2643 Aristoteles,
1387 2559 1502 2626 nuno

400 2665 824 2788 obviumproximumque
845 2690 912 2777 erit
931 2691 1090 2766 eamdem
1106 2714 1188 2765 oum
1204 2690 1388 2791 praecipuis
1406 2702 1480 2766 tum

401 2829 640 2927 superiorum,
657 2840 731 2904 turn
750 2830 982 2929 posteriorum
996 2840 1195 2930 temporum
1211 2830 1378 2907 dootriuis
1395 2853 1482 2906 oon-

403 2970 508 3068 ierre‚
532 2971 647 3068 sicque
668 2971 831 3068 definire,
854 2952 899 3045 'in
926 2995 993 3069 quo
1016 2971 1166 3046 maxime
1185 2971 1358 3071 discrepet
1382 2971 1480 3047 Aris·-

403 3109 556 3186 totelesa
585 3111 757 3204 veteribus
785 3111 1025 3211 philosophis,
1061 3111 1187 3209 quibus
1216 3113 1335 3186 eadem
1360 3111 1479 3211 opinio

403 3245 504 3346 at'que
524 3248 590 3346 ipsi
611 3249 712 3347 vulgo
730 3249 912 3344 tribuitur,
936 3249 1061 3348 inquo
1083 3273 1163 3325 vero
1185 3250 1483 3326 consentiat-oum

402 3389 579 3490 plerisque
597 3391 831 3482 recentiorum
859 3392 922 3490 qni
944 3402 978 3467 et
993 3391 1058 3490 ipsi
1075 3391 1112 3465 in
1131 3392 1294 3467 eumdem
1310 3391 1400 3466 male
1422 3413 1484 3464 no-

403 3541 477 3605 tum
499 3539 590 3603 tanta
611 3529 797 3605 verborum
813 3529 972 3605 libertate
989 3530 1224 3606 incurrerunt.

451 3643 651 3745 Aristoteles
672 3669 766 3768 ipse,
799 3680 981 3765 antequam
1003 3669 1094 3744 dieat
1113 3669 1198 3768 quid
1227 3669 1293 3744 sihi
1316 3669 1360 3744 de
1377 3691 1483 3745 sensu

404 3793 573 3904 videatur,
590 3833 751 3903 ornnem,
772 3833 872 3886 more
887 3833 956 3886 -suo
972 3868 981 3906 ,
999 3808 1092 3884 dedit
1109 3817 1262 3908 operam,
1286 3819 1324 3883 ut
1344 3818 1484 3884 senten·

405 3951 468 4027 tias
489 3959 611 4028 eorum
630 3950 695 4050 qui
714 3973 788 4026 rem
809 3961 888 4026 ante
907 3949 1138 4047 agitaverant,
1158 3949 1223 4025 rite
1244 3959 1486 4047 exsequeretur

407 4071 441 4166 et
458 4101 551 4166 nerto
573 4091 780 4189 ponderaret
789 4090 940 4190 judicio.
956 4091 1006 4164 Ex
1020 4089 1075 4165 his
1093 4099 1226 4180 autem,
1244 4112 1322 4188 quae
1339 4089 1485 4189 plurima

408 4231 524 4322 refert,
545 4241 679 4306 constat
699 4251 821 4306 omnes
837 4229 1079 4329 philosophos,
1094 4240 1217 4328 praeter
1233 4227 1484 4327 Anaxagoram,

409 4381 449 4450 ut
477 4370 645 4448 rationem
678 4368 863 4447 redderent
894 4352 1188 4468 quemadmodum
1211 4392 1266 4445 res
1287 4368 1430 4446 sensiles
1444 4367 1489 4444 ad
