3467 5492
729 533 906 597 289..

283 693 390 769 utitur
411 694 524 772 simul.
535 694 725 784 ¹Quatenus
740 722 822 798 ergo
842 713 1006 800 tanquam
1020 697 1088 777 duo
1104 700 1245 800 quidem
1258 700 1358 777 adhi-

284 835 340 910 bet
361 848 542 934 punetum‚
565 843 777 916 extremitate
794 841 878 917 duas
896 865 951 917 res
969 841 1154 934 discernit,
1181 853 1283 940 atque
1305 866 1360 919 res

282 973 452 1051 distinctae
474 977 516 1051 ad
542 976 723 1054 distinctos
742 1003 865 1055 sensus
886 981 1074 1078 pertinent;
1092 993 1262 1079 quatenus
1280 1003 1359 1056 vero

282 1122 449 1210 tanquam
470 1138 593 1207 unum,
617 1140 686 1193 uno
700 1122 809 1194 utitur
826 1130 927 1216 atque
945 1120 1049 1194 simul
1066 1123 1114 1191 ⁴.»

328 1252 419 1338 Quid
440 1277 521 1329 vero
543 1256 763 1333 sentiendum
790 1259 834 1334 sit
859 1260 904 1334 de
932 1259 999 1334 isto
1031 1259 1211 1336 communi
1230 1283 1358 1354 sensu,

282 1415 387 1488 quem
401 1417 419 1468 a
435 1395 598 1492 magistro
619 1410 816 1497 acceptum.
830 1399 928 1497 quasi
943 1399 1201 1477 haereditarium
1213 1404 1358 1485 munus,
1461 1447 1468 1454 ·

283 1545 414 1631 postea,
431 1558 495 1632 per
514 1546 700 1635 turannos,
724 1562 847 1614 omnes
870 1541 914 1615 ab
934 1539 1117 1616 Aristotele
1131 1539 1275 1638 profecti
1296 1537 1362 1613 sihi

280 1696 343 1772 per
360 1698 483 1752 manus
506 1676 700 1753 tradidere?
719 1676 808 1752 Rem
826 1701 904 1753 esse
932 1700 1076 1776 prorsus
1104 1678 1220 1753 fictam
1238 1688 1272 1750 et
1292 1675 1363 1750 ina-

280 1834 375 1887 nem.
397 1814 430 1889 ls
444 1815 538 1891 enim
557 1839 680 1891 sensus
699 1816 914 1908 communis,
933 1826 992 1892 aut
1012 1815 1130 1892 nullus
1154 1825 1207 1889 est
1224 1837 1360 1905 sensus,

280 1973 392 2049 neque
407 1952 505 2028 aliter
523 1953 667 2044 exsistit,
685 1977 788 2048 quam
808 1964 981 2052 punctum
1010 1952 1166 2028 medium
1187 1974 1254 2048 quo
1283 1973 1362 2049 per-

279 2093 394 2167 tinent
407 2093 442 2167 in
459 2093 590 2169 circulo
609 2093 710 2168 lineae
724 2121 733 2184 ;
748 2106 807 2169 aut
820 2106 954 2171 constat
967 2093 1172 2192 expertibus
1187 2113 1362 2184 summare

280 2227 501 2325 singulorum
522 2255 690 2307 sensuum
706 2254 794 2329 quos
814 2231 1071 2330 complectitur,
1086 2253 1151 2305 nec
1170 2229 1313 2327 simplex
1331 2240 1365 2303 et

279 2391 391 2442 unum
413 2391 487 2444 esse
507 2379 629 2466 potest.
645 2368 792 2443 ‚Etenim
812 2392 920 2466 quum
938 2370 1069 2461 album,
1085 2391 1256 2455 amarum,
1280 2366 1362 2442 cali-

280 2508 364 2582 dum
378 2519 412 2584 et
424 2509 566 2602 durum,
585 2533 641 2586 res
654 2509 745 2585 iuter
759 2533 796 2584 se
808 2510 1067 2601 dissimillimas,
1082 2509 1186 2585 simul
1200 2509 1236 2581 in
1250 2530 1287 2583 se
1304 2508 1365 2583 ha·

249 2701 251 2706 -
279 2645 372 2740 beat,
394 2671 461 2746 qua
490 2647 618 2725 suimet
632 2660 729 2747 parte
751 2660 864 2747 partes
892 2660 1022 2724 ceteras
1043 2646 1198 2724 obtineat
1216 2658 1251 2723 et
1271 2667 1365 2721 oom-

281 2785 403 2882 paretl
424 2787 469 2862 Ut
489 2787 583 2863 enim
612 2790 695 2862 varii
719 2789 850 2864 colores
878 2788 914 2861 in
940 2787 1057 2863 tabula
1082 2786 1173 2885 picta
1208 2785 1365 2883 adjacent

281 2927 444 3025 appositi,
468 2951 531 3003 nec
552 2939 671 3004 tamen
690 2928 905 3015 miscentur;
930 2927 980 3002 sic
1007 2925 1134 3003 diversi
1154 2948 1278 3001 sensus
1301 2947 1365 2998 ne-

282 3066 472 3164 quidquam
492 3065 558 3142 sibi
579 3068 787 3166 contingunt
809 3079 843 3142 et
863 3065 1076 3142 conveniunt
1089 3066 1232 3157 eedem;
1259 3075 1362 3139 natu-

281 3227 357 3279 ram
378 3204 523 3303 quisque
539 3229 638 3282 suam
659 3216 782 3298 servat,
800 3228 867 3280 neo
885 3204 982 3280 rideo
999 3203 1080 3300 quid
1101 3202 1250 3301 supersit
1266 3225 1366 3278 com-

282 3365 390 3419 mune
409 3345 558 3420 cunctis.

333 3482 452 3557 Nodos
469 3482 566 3559 enim
586 3481 736 3582 expediri
752 3483 846 3558 nullo
862 3481 967 3557 modo
981 3491 1108 3579 potest,
1125 3478 1193 3555 nisi
1207 3492 1368 3579 appareat

283 3616 342 3694 lux
356 3620 592 3696 conscientie.
608 3619 757 3697 Animus
772 3629 888 3696 autem
905 3618 958 3694 sui
972 3619 1134 3696 conscius
1147 3619 1257 3695 varios
1268 3619 1370 3694 affec-

178 3847 182 3860 ·
283 3771 352 3844 tus,
375 3782 461 3857 quos
482 3782 550 3834 uua
568 3759 695 3835 mentis
718 3757 795 3834 acie
815 3757 1024 3856 assequitur,
1046 3757 1091 3832 ita
1120 3756 1303 3848 connectit,
1332 3768 1371 3832 ut

287 3917 424 3971 summa
447 3896 602 3972 videatur
623 3895 697 3974 sine
719 3897 873 3995 partibus
897 3896 1023 3994 quibus
1056 3897 1219 3972 cohaeret.
1237 3896 1366 3972 Sensus

285 4015 390 4133 igitur
403 4035 478 4136 ipse
496 4034 580 4110 nihil
600 4059 719 4114 secum
735 4036 855 4130 affert,
880 4034 947 4112 nisi
964 4035 1145 4113 materiam
1165 4037 1366 4126 contusam,

330 4298 338 4330 ¹
363 4301 423 4380 nupt
436 4299 506 4374 ψυχ.
535 4289 557 4354 l.
570 4291 621 4356 lll.
634 4311 661 4357 c.
676 4311 711 4355 u.
