<?xml version="1.0" encoding="UTF-8"?>
<!DOCTYPE html PUBLIC "-//W3C//DTD XHTML 1.0 Transitional//EN"
    "http://www.w3.org/TR/xhtml1/DTD/xhtml1-transitional.dtd">
<html xmlns="http://www.w3.org/1999/xhtml" xml:lang="en" lang="en">
 <head>
  <title>
</title>
<meta http-equiv="Content-Type" content="text/html;charset=utf-8" />
  <meta name='ocr-system' content='tesseract 3.04.00' />
  <meta name='ocr-capabilities' content='ocr_page ocr_carea ocr_par ocr_line ocrx_word'/>
</head>
<body>
  <div class='ocr_page' id='page_1' title='image "./quaefueritarist00gratgoog_0077.png"; bbox 0 0 3467 5492; ppageno 0'>
   <div class='ocr_carea' id='block_1_1' title="bbox 576 1233 1060 1408">
    <p class='ocr_par' dir='ltr' id='par_1_1' title="bbox 576 1233 1060 1462">
     <span class='ocr_line' id='line_1_1' title="bbox 576 1233 1060 1408; baseline 0.012 -6"><span class='ocrx_word' id='word_1_1' title='bbox 576 1308 749 1404; x_wconf 76' lang='lat' dir='ltr'><strong>carun</strong></span> <span class='ocrx_word' id='word_1_2' title='bbox 791 1233 1060 1408; x_wconf 80' lang='lat' dir='ltr'><strong>cunarum</strong></span> 
     </span>
    </p>
   </div>
   <div class='ocr_carea' id='block_1_2' title="bbox 475 1533 1112 1616">
    <p class='ocr_par' dir='ltr' id='par_1_2' title="bbox 475 1533 1112 1616">
     <span class='ocr_line' id='line_1_2' title="bbox 475 1533 1112 1616; baseline 0.009 -17"><span class='ocrx_word' id='word_1_3' title='bbox 475 1612 476 1616; x_wconf 8' lang='lat' dir='ltr'><strong>p</strong></span> <span class='ocrx_word' id='word_1_4' title='bbox 514 1549 551 1600; x_wconf 81' lang='lat' dir='ltr'><strong>in</strong></span> <span class='ocrx_word' id='word_1_5' title='bbox 577 1549 645 1612; x_wconf 82' lang='lat' dir='ltr'><strong>auo</strong></span> <span class='ocrx_word' id='word_1_6' title='bbox 672 1548 804 1604; x_wconf 74' lang='lat' dir='ltr'><strong>pecces</strong></span> <span class='ocrx_word' id='word_1_7' title='bbox 830 1549 951 1604; x_wconf 78' lang='lat' dir='ltr'><strong>neuen</strong></span> <span class='ocrx_word' id='word_1_8' title='bbox 976 1533 1112 1607; x_wconf 77' lang='lat' dir='ltr'><strong>namot</strong></span> 
     </span>
    </p>
   </div>
   <div class='ocr_carea' id='block_1_3' title="bbox 192 2147 1428 3360">
    <p class='ocr_par' dir='ltr' id='par_1_3' title="bbox 281 2147 1428 2940">
     <span class='ocr_line' id='line_1_3' title="bbox 332 2147 1355 2245; baseline 0.002 -25"><span class='ocrx_word' id='word_1_9' title='bbox 332 2148 409 2220; x_wconf 88' lang='lat' dir='ltr'><strong>Jam</strong></span> <span class='ocrx_word' id='word_1_10' title='bbox 424 2171 462 2222; x_wconf 84' lang='lat' dir='ltr'><strong>ex</strong></span> <span class='ocrx_word' id='word_1_11' title='bbox 478 2148 709 2244; x_wconf 86' lang='lat' dir='ltr'><strong>hisquaesunt</strong></span> <span class='ocrx_word' id='word_1_12' title='bbox 720 2159 799 2222; x_wconf 90' lang='lat' dir='ltr'><strong>ante</strong></span> <span class='ocrx_word' id='word_1_13' title='bbox 815 2147 985 2244; x_wconf 86' lang='lat' dir='ltr'><strong>disputata</strong></span> <span class='ocrx_word' id='word_1_14' title='bbox 997 2158 1148 2245; x_wconf 88' lang='lat' dir='ltr'><strong>apparet,</strong></span> <span class='ocrx_word' id='word_1_15' title='bbox 1161 2147 1197 2219; x_wconf 95' lang='lat' dir='ltr'><strong>in</strong></span> <span class='ocrx_word' id='word_1_16' title='bbox 1206 2171 1355 2236; x_wconf 91' lang='lat' dir='ltr'><strong>summa,</strong></span> 
     </span>
     <span class='ocr_line' id='line_1_4' title="bbox 283 2283 1358 2382; baseline 0.002 -26"><span class='ocrx_word' id='word_1_17' title='bbox 283 2284 460 2358; x_wconf 87' lang='lat' dir='ltr'><strong>neminem</strong></span> <span class='ocrx_word' id='word_1_18' title='bbox 497 2285 622 2359; x_wconf 86' lang='lat' dir='ltr'><strong>melius</strong></span> <span class='ocrx_word' id='word_1_19' title='bbox 649 2285 772 2359; x_wconf 88' lang='lat' dir='ltr'><strong>vidisse</strong></span> <span class='ocrx_word' id='word_1_20' title='bbox 805 2283 847 2358; x_wconf 90' lang='lat' dir='ltr'><strong>de</strong></span> <span class='ocrx_word' id='word_1_21' title='bbox 877 2284 1037 2358; x_wconf 83' lang='lat' dir='ltr'>sensibus</span> <span class='ocrx_word' id='word_1_22' title='bbox 1066 2284 1228 2382; x_wconf 89' lang='lat' dir='ltr'><strong>propriis,</strong></span> <span class='ocrx_word' id='word_1_23' title='bbox 1254 2309 1358 2382; x_wconf 88' lang='lat' dir='ltr'><strong>quarn</strong></span> 
     </span>
     <span class='ocr_line' id='line_1_5' title="bbox 281 2412 1358 2519; baseline 0.002 -24"><span class='ocrx_word' id='word_1_24' title='bbox 281 2420 515 2509; x_wconf 72' lang='lat' dir='ltr'><strong>Aristotelem,</strong></span> <span class='ocrx_word' id='word_1_25' title='bbox 541 2422 599 2519; x_wconf 87' lang='lat' dir='ltr'><strong>qui</strong></span> <span class='ocrx_word' id='word_1_26' title='bbox 634 2412 699 2497; x_wconf 86' lang='lat' dir='ltr'><strong>nee</strong></span> <span class='ocrx_word' id='word_1_27' title='bbox 720 2421 864 2496; x_wconf 91' lang='lat' dir='ltr'><strong>minime</strong></span> <span class='ocrx_word' id='word_1_28' title='bbox 889 2421 1014 2496; x_wconf 89' lang='lat' dir='ltr'><strong>herum</strong></span> <span class='ocrx_word' id='word_1_29' title='bbox 1043 2445 1208 2498; x_wconf 91' lang='lat' dir='ltr'><strong>sensuum</strong></span> <span class='ocrx_word' id='word_1_30' title='bbox 1237 2434 1358 2498; x_wconf 89' lang='lat' dir='ltr'><strong>aucte-</strong></span> 
     </span>
     <span class='ocr_line' id='line_1_6' title="bbox 282 2562 1357 2660; baseline 0.004 -26"><span class='ocrx_word' id='word_1_31' title='bbox 282 2562 421 2636; x_wconf 87' lang='lat' dir='ltr'><strong>ritetem</strong></span> <span class='ocrx_word' id='word_1_32' title='bbox 456 2562 644 2653; x_wconf 80' lang='lat' dir='ltr'><strong>imminuit,</strong></span> <span class='ocrx_word' id='word_1_33' title='bbox 674 2586 787 2660; x_wconf 92' lang='lat' dir='ltr'><strong>neque</strong></span> <span class='ocrx_word' id='word_1_34' title='bbox 817 2563 851 2634; x_wconf 94' lang='lat' dir='ltr'><strong>in</strong></span> <span class='ocrx_word' id='word_1_35' title='bbox 882 2584 1033 2636; x_wconf 85' lang='lat' dir='ltr'><strong>errorem</strong></span> <span class='ocrx_word' id='word_1_36' title='bbox 1060 2563 1177 2659; x_wconf 88' lang='lat' dir='ltr'><strong>lapsus</strong></span> <span class='ocrx_word' id='word_1_37' title='bbox 1206 2572 1267 2652; x_wconf 85' lang='lat' dir='ltr'><strong>est,</strong></span> <span class='ocrx_word' id='word_1_38' title='bbox 1290 2562 1357 2660; x_wconf 83' lang='lat' dir='ltr'><strong>que</strong></span> 
     </span>
     <span class='ocr_line' id='line_1_7' title="bbox 283 2701 1358 2799; baseline 0.001 -25"><span class='ocrx_word' id='word_1_39' title='bbox 283 2701 1358 2799; x_wconf 87' lang='lat' dir='ltr'><strong>captitottantiquepbilosophivoluereprimariasessererum</strong></span> 
     </span>
     <span class='ocr_line' id='line_1_8' title="bbox 282 2840 1428 2940; baseline 0.002 -26"><span class='ocrx_word' id='word_1_40' title='bbox 282 2840 471 2938; x_wconf 87' lang='lat' dir='ltr'><strong>qualitates,</strong></span> <span class='ocrx_word' id='word_1_41' title='bbox 491 2865 575 2938; x_wconf 86' lang='lat' dir='ltr'><strong>quas</strong></span> <span class='ocrx_word' id='word_1_42' title='bbox 595 2864 736 2940; x_wconf 90' lang='lat' dir='ltr'><strong>prorsus</strong></span> <span class='ocrx_word' id='word_1_43' title='bbox 758 2841 1052 2940; x_wconf 81' lang='lat' dir='ltr'><strong>introspiciamus.</strong></span> <span class='ocrx_word' id='word_1_44' title='bbox 1077 2842 1144 2916; x_wconf 90' lang='lat' dir='ltr'><strong>Sed</strong></span> <span class='ocrx_word' id='word_1_45' title='bbox 1168 2865 1237 2916; x_wconf 90' lang='lat' dir='ltr'><strong>una</strong></span> <span class='ocrx_word' id='word_1_46' title='bbox 1258 2865 1356 2916; x_wconf 86' lang='lat' dir='ltr'><strong>cern·</strong></span> <span class='ocrx_word' id='word_1_47' title='bbox 1422 2872 1428 2885; x_wconf 86' lang='lat'><strong>·</strong></span> 
     </span>
    </p>

    <p class='ocr_par' dir='ltr' id='par_1_4' title="bbox 192 2957 1360 3360">
     <span class='ocr_line' id='line_1_9' title="bbox 237 2957 1356 3078; baseline 0.002 -24"><span class='ocrx_word' id='word_1_48' title='bbox 237 3035 240 3042; x_wconf 81' lang='lat'><em>-</em></span> <span class='ocrx_word' id='word_1_49' title='bbox 281 2992 418 3078; x_wconf 90' lang='lat' dir='ltr'><strong>pertum</strong></span> <span class='ocrx_word' id='word_1_50' title='bbox 434 2991 498 3068; x_wconf 89' lang='lat' dir='ltr'><strong>est,</strong></span> <span class='ocrx_word' id='word_1_51' title='bbox 517 2983 679 3056; x_wconf 88' lang='lat' dir='ltr'><strong>eumdem</strong></span> <span class='ocrx_word' id='word_1_52' title='bbox 695 2981 844 3055; x_wconf 93' lang='lat' dir='ltr'><strong>nimium</strong></span> <span class='ocrx_word' id='word_1_53' title='bbox 858 2981 1021 3056; x_wconf 84' lang='lat' dir='ltr'><strong>tribuisse</strong></span> <span class='ocrx_word' id='word_1_54' title='bbox 1040 2957 1356 3072; x_wconf 61' lang='lat' dir='ltr'><strong>iisdem‘sensibus</strong></span> 
     </span>
     <span class='ocr_line' id='line_1_10' title="bbox 192 3099 1360 3218; baseline -0.002 -22"><span class='ocrx_word' id='word_1_55' title='bbox 192 3184 199 3196; x_wconf 89' lang='lat'>.</span> <span class='ocrx_word' id='word_1_56' title='bbox 282 3119 409 3218; x_wconf 91' lang='lat' dir='ltr'><strong>quibus</strong></span> <span class='ocrx_word' id='word_1_57' title='bbox 425 3130 539 3216; x_wconf 90' lang='lat' dir='ltr'><strong>partes</strong></span> <span class='ocrx_word' id='word_1_58' title='bbox 552 3119 786 3216; x_wconf 80' lang='lat' dir='ltr'><strong>intelligentiae</strong></span> <span class='ocrx_word' id='word_1_59' title='bbox 795 3119 951 3218; x_wconf 87' lang='lat' dir='ltr'><strong>proprias</strong></span> <span class='ocrx_word' id='word_1_60' title='bbox 962 3119 1065 3207; x_wconf 90' lang='lat' dir='ltr'><strong>dedit,</strong></span> <span class='ocrx_word' id='word_1_61' title='bbox 1083 3143 1190 3216; x_wconf 90' lang='lat' dir='ltr'><strong>quum</strong></span> <span class='ocrx_word' id='word_1_62' title='bbox 1205 3099 1360 3194; x_wconf 83' lang='lat' dir='ltr'><strong>docuerit</strong></span> 
     </span>
     <span class='ocr_line' id='line_1_11' title="bbox 283 3258 1358 3360; baseline -0.001 -27"><span class='ocrx_word' id='word_1_63' title='bbox 283 3282 344 3357; x_wconf 90' lang='lat' dir='ltr'><strong>per</strong></span> <span class='ocrx_word' id='word_1_64' title='bbox 362 3259 425 3332; x_wconf 90' lang='lat' dir='ltr'><strong>bes</strong></span> <span class='ocrx_word' id='word_1_65' title='bbox 453 3280 575 3360; x_wconf 88' lang='lat' dir='ltr'><strong>omnes</strong></span> <span class='ocrx_word' id='word_1_66' title='bbox 602 3259 718 3334; x_wconf 83' lang='lat' dir='ltr'><strong>inferri</strong></span> <span class='ocrx_word' id='word_1_67' title='bbox 740 3283 858 3335; x_wconf 91' lang='lat' dir='ltr'><strong>rerum</strong></span> <span class='ocrx_word' id='word_1_68' title='bbox 882 3273 1102 3335; x_wconf 82' lang='lat' dir='ltr'><strong>externarum</strong></span> <span class='ocrx_word' id='word_1_69' title='bbox 1129 3258 1358 3344; x_wconf 81' lang='lat' dir='ltr'><strong>existentiam,</strong></span> 
     </span>
    </p>
   </div>
   <div class='ocr_carea' id='block_1_4' title="bbox 282 3397 1483 3496">
    <p class='ocr_par' dir='ltr' id='par_1_5' title="bbox 282 3397 1483 3496">
     <span class='ocr_line' id='line_1_12' title="bbox 282 3397 1483 3496; baseline 0.003 -27"><span class='ocrx_word' id='word_1_70' title='bbox 282 3397 353 3470; x_wconf 90' lang='lat' dir='ltr'><strong>irno</strong></span> <span class='ocrx_word' id='word_1_71' title='bbox 388 3397 621 3471; x_wconf 90' lang='lat' dir='ltr'><strong>communiter</strong></span> <span class='ocrx_word' id='word_1_72' title='bbox 638 3398 769 3496; x_wconf 82' lang='lat' dir='ltr'><strong>percipi</strong></span> <span class='ocrx_word' id='word_1_73' title='bbox 790 3411 936 3490; x_wconf 87' lang='lat' dir='ltr'><strong>metum,</strong></span> <span class='ocrx_word' id='word_1_74' title='bbox 958 3398 1122 3495; x_wconf 90' lang='lat' dir='ltr'><strong>quietem,</strong></span> <span class='ocrx_word' id='word_1_75' title='bbox 1143 3399 1291 3494; x_wconf 84' lang='lat' dir='ltr'><strong>figuram</strong></span> <span class='ocrx_word' id='word_1_76' title='bbox 1327 3411 1361 3473; x_wconf 89' lang='lat' dir='ltr'><strong>et</strong></span> <span class='ocrx_word' id='word_1_77' title='bbox 1479 3487 1483 3492; x_wconf 20' lang='lat'><em>⁷</em></span> 
     </span>
    </p>
   </div>
   <div class='ocr_carea' id='block_1_5' title="bbox 282 3537 1431 3914">
    <p class='ocr_par' dir='ltr' id='par_1_6' title="bbox 282 3537 1431 3914">
     <span class='ocr_line' id='line_1_13' title="bbox 282 3537 1362 3629; baseline 0.001 -17"><span class='ocrx_word' id='word_1_78' title='bbox 282 3562 483 3615; x_wconf 90' lang='lat' dir='ltr'><strong>numerum.</strong></span> <span class='ocrx_word' id='word_1_79' title='bbox 507 3539 579 3614; x_wconf 90' lang='lat' dir='ltr'><strong>Nec</strong></span> <span class='ocrx_word' id='word_1_80' title='bbox 602 3553 718 3613; x_wconf 88' lang='lat' dir='ltr'><strong>tamen</strong></span> <span class='ocrx_word' id='word_1_81' title='bbox 745 3543 824 3614; x_wconf 90' lang='lat' dir='ltr'><strong>satis</strong></span> <span class='ocrx_word' id='word_1_82' title='bbox 854 3551 939 3629; x_wconf 85' lang='lat' dir='ltr'><strong>erat,</strong></span> <span class='ocrx_word' id='word_1_83' title='bbox 969 3553 1006 3612; x_wconf 89' lang='lat' dir='ltr'><strong>ut</strong></span> <span class='ocrx_word' id='word_1_84' title='bbox 1023 3538 1238 3613; x_wconf 87' lang='lat' dir='ltr'><strong>subverteret</strong></span> <span class='ocrx_word' id='word_1_85' title='bbox 1255 3537 1362 3613; x_wconf 87' lang='lat' dir='ltr'><strong>fidem</strong></span> 
     </span>
     <span class='ocr_line' id='line_1_14' title="bbox 282 3675 1431 3775; baseline -0.002 -23"><span class='ocrx_word' id='word_1_86' title='bbox 282 3699 478 3764; x_wconf 89' lang='lat' dir='ltr'><strong>sensuum,</strong></span> <span class='ocrx_word' id='word_1_87' title='bbox 521 3700 625 3775; x_wconf 87' lang='lat' dir='ltr'><strong>quam</strong></span> <span class='ocrx_word' id='word_1_88' title='bbox 659 3689 777 3753; x_wconf 86' lang='lat' dir='ltr'><strong>contra</strong></span> <span class='ocrx_word' id='word_1_89' title='bbox 807 3677 1037 3751; x_wconf 88' lang='lat' dir='ltr'><strong>certissimam</strong></span> <span class='ocrx_word' id='word_1_90' title='bbox 1066 3675 1361 3774; x_wconf 75' lang='lat' dir='ltr'><strong>indubitatumque</strong></span> <span class='ocrx_word' id='word_1_91' title='bbox 1429 3686 1431 3691; x_wconf 86' lang='lat'>&#39;</span> 
     </span>
     <span class='ocr_line' id='line_1_15' title="bbox 282 3805 1362 3914; baseline -0.002 -24"><span class='ocrx_word' id='word_1_92' title='bbox 282 3816 433 3905; x_wconf 83' lang='lat' dir='ltr'><strong>fecisset,</strong></span> <span class='ocrx_word' id='word_1_93' title='bbox 459 3816 524 3890; x_wconf 92' lang='lat' dir='ltr'><strong>nisi</strong></span> <span class='ocrx_word' id='word_1_94' title='bbox 553 3829 697 3907; x_wconf 88' lang='lat' dir='ltr'><strong>temere,</strong></span> <span class='ocrx_word' id='word_1_95' title='bbox 731 3805 999 3914; x_wconf 70' lang='lat' dir='ltr'><strong>praeter&#39;sensus</strong></span> <span class='ocrx_word' id='word_1_96' title='bbox 1029 3816 1199 3914; x_wconf 87' lang='lat' dir='ltr'><strong>proprios,</strong></span> <span class='ocrx_word' id='word_1_97' title='bbox 1234 3838 1362 3890; x_wconf 88' lang='lat' dir='ltr'><strong>nevum</strong></span> 
     </span>
    </p>
   </div>
   <div class='ocr_carea' id='block_1_6' title="bbox 281 3955 1362 4079">
    <p class='ocr_par' dir='ltr' id='par_1_7' title="bbox 281 3955 1362 4079">
     <span class='ocr_line' id='line_1_16' title="bbox 281 3955 1362 4079; baseline -0.002 -48"><span class='ocrx_word' id='word_1_98' title='bbox 281 3980 393 4054; x_wconf 84' lang='lat' dir='ltr'><strong>genus</strong></span> <span class='ocrx_word' id='word_1_99' title='bbox 414 3979 581 4032; x_wconf 88' lang='lat' dir='ltr'><strong>sensuum</strong></span> <span class='ocrx_word' id='word_1_100' title='bbox 595 3956 799 4032; x_wconf 89' lang='lat' dir='ltr'><strong>admisisset.</strong></span> <span class='ocrx_word' id='word_1_101' title='bbox 815 3955 858 4029; x_wconf 84' lang='lat' dir='ltr'><strong>At</strong></span> <span class='ocrx_word' id='word_1_102' title='bbox 874 3977 953 4028; x_wconf 89' lang='lat' dir='ltr'><strong>vere</strong></span> <span class='ocrx_word' id='word_1_103' title='bbox 966 3955 1141 4052; x_wconf 82' lang='lat' dir='ltr'><strong>protessus</strong></span> <span class='ocrx_word' id='word_1_104' title='bbox 1155 3977 1217 4029; x_wconf 90' lang='lat' dir='ltr'><strong>nes</strong></span> <span class='ocrx_word' id='word_1_105' title='bbox 1237 3957 1362 4079; x_wconf 72' lang='lat' dir='ltr'><strong>sentire</strong></span> 
     </span>
    </p>
   </div>
   <div class='ocr_carea' id='block_1_7' title="bbox 284 4094 1363 4465">
    <p class='ocr_par' dir='ltr' id='par_1_8' title="bbox 284 4094 1363 4465">
     <span class='ocr_line' id='line_1_17' title="bbox 284 4094 1363 4192; baseline -0.003 -21"><span class='ocrx_word' id='word_1_106' title='bbox 284 4120 430 4190; x_wconf 85' lang='lat' dir='ltr'><strong>eaquae</strong></span> <span class='ocrx_word' id='word_1_107' title='bbox 461 4119 531 4170; x_wconf 90' lang='lat' dir='ltr'><strong>nen</strong></span> <span class='ocrx_word' id='word_1_108' title='bbox 565 4119 601 4171; x_wconf 93' lang='lat' dir='ltr'><strong>re</strong></span> <span class='ocrx_word' id='word_1_109' title='bbox 633 4095 813 4187; x_wconf 89' lang='lat' dir='ltr'><strong>sentimus,</strong></span> <span class='ocrx_word' id='word_1_110' title='bbox 843 4094 979 4192; x_wconf 85' lang='lat' dir='ltr'><strong>agnovit</strong></span> <span class='ocrx_word' id='word_1_111' title='bbox 1004 4117 1125 4168; x_wconf 91' lang='lat' dir='ltr'><strong>sensus</strong></span> <span class='ocrx_word' id='word_1_112' title='bbox 1160 4094 1363 4171; x_wconf 90' lang='lat' dir='ltr'><strong>adventitios</strong></span> 
     </span>
     <span class='ocr_line' id='line_1_18' title="bbox 284 4233 1363 4332; baseline 0 -24"><span class='ocrx_word' id='word_1_113' title='bbox 284 4234 355 4332; x_wconf 86' lang='lat' dir='ltr'><strong>qui,</strong></span> <span class='ocrx_word' id='word_1_114' title='bbox 377 4233 458 4308; x_wconf 90' lang='lat' dir='ltr'><strong>dicti</strong></span> <span class='ocrx_word' id='word_1_115' title='bbox 499 4255 561 4331; x_wconf 94' lang='lat' dir='ltr'><strong>per</strong></span> <span class='ocrx_word' id='word_1_116' title='bbox 589 4233 774 4322; x_wconf 86' lang='lat' dir='ltr'><strong>accidens,</strong></span> <span class='ocrx_word' id='word_1_117' title='bbox 805 4244 937 4315; x_wconf 73' lang='grc' dir='ltr'>αἰσθητὸν</span> <span class='ocrx_word' id='word_1_118' title='bbox 955 4245 1033 4308; x_wconf 70' lang='grc' dir='ltr'><strong><em>κατὰ</em></strong></span> <span class='ocrx_word' id='word_1_119' title='bbox 1052 4239 1241 4330; x_wconf 53' lang='lat' dir='ltr'><strong>superenne,</strong></span> <span class='ocrx_word' id='word_1_120' title='bbox 1268 4256 1363 4308; x_wconf 87' lang='lat' dir='ltr'><strong>nunc</strong></span> 
     </span>
     <span class='ocr_line' id='line_1_19' title="bbox 285 4371 1363 4465; baseline 0.004 -19"><span class='ocrx_word' id='word_1_121' title='bbox 285 4397 376 4465; x_wconf 88' lang='lat' dir='ltr'><strong>vere,</strong></span> <span class='ocrx_word' id='word_1_122' title='bbox 397 4395 492 4452; x_wconf 91' lang='lat' dir='ltr'><strong>nunc</strong></span> <span class='ocrx_word' id='word_1_123' title='bbox 506 4373 586 4449; x_wconf 88' lang='lat' dir='ltr'><strong>salsa</strong></span> <span class='ocrx_word' id='word_1_124' title='bbox 600 4371 772 4450; x_wconf 85' lang='lat' dir='ltr'><strong>nuntiant.</strong></span> <span class='ocrx_word' id='word_1_125' title='bbox 791 4402 807 4440; x_wconf 89' lang='lat'>«</span> <span class='ocrx_word' id='word_1_126' title='bbox 820 4372 887 4447; x_wconf 88' lang='lat' dir='ltr'><strong>Per</strong></span> <span class='ocrx_word' id='word_1_127' title='bbox 900 4371 1059 4449; x_wconf 88' lang='lat' dir='ltr'><strong>accidens</strong></span> <span class='ocrx_word' id='word_1_128' title='bbox 1073 4383 1188 4449; x_wconf 88' lang='lat' dir='ltr'><strong>autem</strong></span> <span class='ocrx_word' id='word_1_129' title='bbox 1200 4371 1363 4450; x_wconf 82' lang='lat' dir='ltr'><strong>sensibile</strong></span> 
     </span>
    </p>
   </div>
   <div class='ocr_carea' id='block_1_8' title="bbox 0 0 1742 5492">
    <p class='ocr_par' dir='ltr' id='par_1_9' title="bbox 0 0 1742 5492">
     <span class='ocr_line' id='line_1_20' title="bbox 0 0 1742 5492; baseline 0 0"><span class='ocrx_word' id='word_1_130' title='bbox 0 0 1742 5492; x_wconf 95' lang='lat' dir='ltr'><strong> </strong></span> 
     </span>
    </p>
   </div>
  </div>
 </body>
</html>
