3467 5492
299 1471 302 1478 ’
424 1573 428 1582 .
569 1503 741 1651 ulnus
773 1505 1041 1603 euiunuu-
1154 1470 1181 1594 .’

237 1805 240 1810 .
314 1732 399 1807 ,ΑΝ
424 1753 485 1808 viu
508 1733 764 1808 innnnuennnu
792 1755 1004 1810 nusnuucnau
1030 1757 1053 1810 a
1079 1758 1246 1829 snnsunus

548 1903 749 1958 nenovniun
775 1884 1045 1960 llnnsnunnnss‘?

296 2653 664 2751 Unajamnunerestat
675 2649 829 2747 quaestu,
842 2646 1334 2750 saepiusagitataomniumque

257 2791 474 2890 gravissima,
497 2803 614 2865 utrum
630 2789 831 2866 Aristoteles
846 2789 976 2862 nullam
998 2811 1073 2864 esse
1089 2790 1234 2865 voluerit
1248 2793 1336 2870 ultra

258 2955 397 3027 sensus,
414 2931 499 3004 aden
518 2941 643 3026 praeter
659 2929 803 3002 modum
819 2927 986 3019 laudatos,
1003 2928 1110 3002 animi
1129 2941 1274 3033 partem,
1291 2955 1335 3005 an

257 3071 522 3166 uimquemdam
537 3071 571 3142 in
588 3081 702 3144 mente
716 3067 831 3143 omnia
847 3067 932 3141 inlra
950 3090 986 3142 se
1001 3068 1186 3144 habentem
1200 3083 1234 3145 et
1244 3071 1335 3168 ipsos

258 3231 382 3283 sensus
401 3218 620 3306 superantem
642 3205 830 3303 agnoverit.

306 3345 382 3443 lpse
406 3343 545 3441 quidem
567 3354 645 3417 ante
675 3311 789 3416 emnia
820 3365 925 3438 quam
957 3343 1105 3417 maxime
1141 3345 1333 3441 profitetur,

258 3484 447 3572 hominem,
458 3492 575 3580 utpote
590 3480 765 3555 intellectu
775 3480 973 3577 praeditum,
990 3481 1112 3556 cetenis
1128 3483 1336 3579 animalibus

258 3621 390 3697 natione
427 3619 625 3718 expertibus
654 3620 756 3716 longe
787 3618 1017 3710 antecellere,
1053 3619 1337 3718 intellectumque

260 3771 413 3859 spectare
447 3759 490 3833 ad
514 3759 547 3832 id
571 3758 663 3856 quod
685 3757 828 3854 intelligi
851 3768 971 3854 potest,
999 3769 1037 3834 ut
1067 3781 1189 3834 seusus
1207 3773 1340 3858 spectat

262 3900 302 3973 ad
323 3897 356 3971 id
371 3898 461 3994 quod
481 3897 647 3983 sentitur3
667 3897 799 3972 scilieet
814 3895 1030 3970 intellectum
1058 3898 1099 3971 ad
1121 3921 1176 3973 res
1193 3910 1338 3974 aeternas

262 4048 296 4113 et
309 4037 532 4125 necessarias,
547 4059 691 4112 sensum
703 4059 784 4112 veru
797 4037 841 4110 ad
855 4060 910 4111 res
921 4036 1078 4127 fortuitas
1090 4047 1124 4112 et
1137 4027 1337 4134 singulares.

264 4177 348 4262 Quae
362 4198 470 4272 quum
488 4175 598 4268 audis,
616 4177 796 4250 Platonem
807 4173 925 4272 ipsum
940 4176 1136 4273 loquentem
1151 4176 1339 4253 audiretibi

264 4313 349 4392 sorte
370 4312 506 4391 videris.
530 4314 596 4396 Sed
616 4315 709 4397 iden
737 4335 857 4392 rursus
882 4313 917 4396 in
947 4313 1069 4396 iisdem
1097 4315 1194 4397 libris
1210 4316 1340 4419 passim
